{"e": "depthUpdate", "E": 1685100779421, "T": 1685100779398, "s": "BTCUSDT", "U": 2882400719550, "u": 2882400731227, "pu": 2882400719164, "b": [["26435.10", "36.723"], ["26435.00", "0.678"], ["26434.90", "2.088"], ["26434.80", "0.469"], ["26434.70", "0.016"]], "a": [["26435.20", "1.826"], ["26435.30", "0.049"], ["26435.40", "0.001"], ["26435.50", "0.178"], ["26435.60", "0.027"]]}
{"e": "depthUpdate", "E": 1685100779925, "T": 1685100779919, "s": "BTCUSDT", "U": 2882400731907, "u": 2882400743490, "pu": 2882400731227, "b": [["26435.10", "36.408"], ["26435.00", "0.678"], ["26434.90", "1.757"], ["26434.80", "0.459"], ["26434.70", "0.016"]], "a": [["26435.20", "1.614"], ["26435.30", "0.049"], ["26435.40", "0.001"], ["26435.50", "0.178"], ["26435.60", "0.027"]]}
{"e": "depthUpdate", "E": 1685100780433, "T": 1685100780389, "s": "BTCUSDT", "U": 2882400743711, "u": 2882400762477, "pu": 2882400743490, "b": [["26435.10", "35.429"], ["26435.00", "0.678"], ["26434.90", "1.767"], ["26434.80", "0.190"], ["26434.70", "0.016"]], "a": [["26435.20", "2.395"], ["26435.30", "0.049"], ["26435.40", "0.001"], ["26435.50", "0.023"], ["26435.60", "0.027"]]}
{"e": "depthUpdate", "E": 1685100780939, "T": 1685100780932, "s": "BTCUSDT", "U": 2882400763495, "u": 2882400776645, "pu": 2882400762477, "b": [["26435.10", "35.464"], ["26435.00", "0.688"], ["26434.90", "1.767"], ["26434.80", "0.190"], ["26434.70", "0.016"]], "a": [["26435.20", "2.372"], ["26435.30", "0.049"], ["26435.40", "0.002"], ["26435.50", "0.023"], ["26435.60", "0.027"]]}
{"e": "depthUpdate", "E": 1685100781444, "T": 1685100781403, "s": "BTCUSDT", "U": 2882400776847, "u": 2882400790818, "pu": 2882400776645, "b": [["26435.10", "35.621"], ["26435.00", "0.678"], ["26434.90", "1.786"], ["26434.80", "0.011"], ["26434.70", "0.016"]], "a": [["26435.20", "2.367"], ["26435.30", "0.049"], ["26435.40", "0.002"], ["26435.50", "0.023"], ["26435.60", "0.027"]]}
{"e": "depthUpdate", "E": 1685100781949, "T": 1685100781933, "s": "BTCUSDT", "U": 2882400792023, "u": 2882400804559, "pu": 2882400790818, "b": [["26435.10", "35.680"], ["26435.00", "0.688"], ["26434.90", "1.786"], ["26434.80", "0.011"], ["26434.70", "0.016"]], "a": [["26435.20", "2.125"], ["26435.30", "0.049"], ["26435.40", "0.002"], ["26435.50", "0.023"], ["26435.60", "0.027"]]}
{"e": "depthUpdate", "E": 1685100782480, "T": 1685100782472, "s": "BTCUSDT", "U": 2882400805414, "u": 2882400825455, "pu": 2882400804559, "b": [["26435.10", "37.095"], ["26435.00", "0.678"], ["26434.90", "1.786"], ["26434.80", "0.011"], ["26434.70", "0.016"]], "a": [["26435.20", "2.157"], ["26435.30", "0.049"], ["26435.40", "0.002"], ["26435.50", "0.023"], ["26435.60", "0.027"]]}
{"e": "depthUpdate", "E": 1685100782982, "T": 1685100782974, "s": "BTCUSDT", "U": 2882400825625, "u": 2882400838337, "pu": 2882400825455, "b": [["26435.10", "37.077"], ["26435.00", "0.688"], ["26434.90", "2.107"], ["26434.80", "0.011"], ["26434.70", "0.016"]], "a": [["26435.20", "2.153"], ["26435.30", "0.049"], ["26435.40", "0.002"], ["26435.50", "0.023"], ["26435.60", "0.027"]]}
{"e": "depthUpdate", "E": 1685100783495, "T": 1685100783485, "s": "BTCUSDT", "U": 2882400838698, "u": 2882400859358, "pu": 2882400838337, "b": [["26435.10", "37.746"], ["26435.00", "0.678"], ["26434.90", "1.776"], ["26434.80", "0.171"], ["26434.70", "0.016"]], "a": [["26435.20", "3.954"], ["26435.30", "0.049"], ["26435.40", "0.002"], ["26435.50", "0.023"], ["26435.60", "0.027"]]}
{"e": "depthUpdate", "E": 1685100784002, "T": 1685100783960, "s": "BTCUSDT", "U": 2882400859639, "u": 2882400872137, "pu": 2882400859358, "b": [["26435.10", "37.760"], ["26435.00", "0.688"], ["26434.90", "1.786"], ["26434.80", "0.171"], ["26434.70", "0.016"]], "a": [["26435.20", "3.912"], ["26435.30", "0.049"], ["26435.40", "0.003"], ["26435.50", "0.023"], ["26435.60", "0.027"]]}
{"e": "depthUpdate", "E": 1685100784507, "T": 1685100784500, "s": "BTCUSDT", "U": 2882400873145, "u": 2882400887414, "pu": 2882400872137, "b": [["26435.10", "37.761"], ["26435.00", "0.678"], ["26434.90", "1.494"], ["26434.80", "0.171"], ["26434.70", "0.016"]], "a": [["26435.20", "4.178"], ["26435.30", "0.049"], ["26435.40", "0.003"], ["26435.50", "0.023"], ["26435.60", "0.027"]]}
{"e": "depthUpdate", "E": 1685100785007, "T": 1685100784981, "s": "BTCUSDT", "U": 2882400887491, "u": 2882400912396, "pu": 2882400887414, "b": [["26435.10", "39.898"], ["26435.00", "0.689"], ["26434.90", "1.504"], ["26434.80", "0.011"], ["26434.70", "0.016"]], "a": [["26435.20", "2.557"], ["26435.30", "0.049"], ["26435.40", "0.003"], ["26435.50", "0.023"], ["26435.60", "0.027"]]}
{"e": "depthUpdate", "E": 1685100785525, "T": 1685100785511, "s": "BTCUSDT", "U": 2882400913811, "u": 2882400930008, "pu": 2882400912396, "b": [["26435.10", "39.068"], ["26435.00", "0.678"], ["26434.90", "1.504"], ["26434.80", "0.011"], ["26434.70", "0.016"]], "a": [["26435.20", "2.579"], ["26435.30", "0.008"], ["26435.40", "0.003"], ["26435.50", "0.023"], ["26435.60", "0.027"]]}
{"e": "depthUpdate", "E": 1685100786031, "T": 1685100786021, "s": "BTCUSDT", "U": 2882400930415, "u": 2882400944088, "pu": 2882400930008, "b": [["26435.10", "38.670"], ["26435.00", "0.688"], ["26434.90", "1.504"], ["26434.80", "0.011"], ["26434.70", "0.016"]], "a": [["26435.20", "2.516"], ["26435.30", "0.008"], ["26435.40", "0.003"], ["26435.50", "0.023"], ["26435.60", "0.029"]]}
{"e": "depthUpdate", "E": 1685100786537, "T": 1685100786494, "s": "BTCUSDT", "U": 2882400944378, "u": 2882400956950, "pu": 2882400944088, "b": [["26435.10", "38.365"], ["26435.00", "0.678"], ["26434.90", "1.494"], ["26434.80", "0.011"], ["26434.70", "0.016"]], "a": [["26435.20", "2.639"], ["26435.30", "0.008"], ["26435.40", "0.003"], ["26435.50", "0.023"], ["26435.60", "0.030"]]}
{"e": "depthUpdate", "E": 1685100787041, "T": 1685100787001, "s": "BTCUSDT", "U": 2882400957868, "u": 2882400972058, "pu": 2882400956950, "b": [["26435.10", "38.375"], ["26435.00", "0.688"], ["26434.90", "1.504"], ["26434.80", "0.011"], ["26434.70", "0.016"]], "a": [["26435.20", "2.615"], ["26435.30", "0.008"], ["26435.40", "0.003"], ["26435.50", "0.023"], ["26435.60", "0.030"]]}
{"e": "depthUpdate", "E": 1685100787544, "T": 1685100787528, "s": "BTCUSDT", "U": 2882400973559, "u": 2882400987506, "pu": 2882400972058, "b": [["26435.10", "38.116"], ["26435.00", "0.678"], ["26434.90", "1.494"], ["26434.80", "0.011"], ["26434.70", "0.016"]], "a": [["26435.20", "2.617"], ["26435.30", "0.008"], ["26435.40", "0.005"], ["26435.50", "0.023"], ["26435.60", "0.031"]]}
{"e": "depthUpdate", "E": 1685100788055, "T": 1685100788034, "s": "BTCUSDT", "U": 2882400988071, "u": 2882400999507, "pu": 2882400987506, "b": [["26435.10", "38.151"], ["26435.00", "0.689"], ["26434.90", "1.504"], ["26434.80", "0.011"], ["26434.70", "0.016"]], "a": [["26435.20", "2.614"], ["26435.30", "0.008"], ["26435.40", "0.007"], ["26435.50", "0.023"], ["26435.60", "0.032"]]}
{"e": "depthUpdate", "E": 1685100788563, "T": 1685100788541, "s": "BTCUSDT", "U": 2882401000015, "u": 2882401011955, "pu": 2882400999507, "b": [["26435.10", "37.925"], ["26435.00", "1.189"], ["26434.90", "1.504"], ["26434.80", "0.011"], ["26434.70", "0.016"]], "a": [["26435.20", "2.626"], ["26435.30", "0.008"], ["26435.40", "0.007"], ["26435.50", "0.024"], ["26435.60", "0.032"]]}
{"e": "depthUpdate", "E": 1685100789063, "T": 1685100789056, "s": "BTCUSDT", "U": 2882401012318, "u": 2882401022997, "pu": 2882401011955, "b": [["26435.10", "37.929"], ["26435.00", "1.179"], ["26434.90", "1.504"], ["26434.80", "0.011"], ["26434.70", "0.016"]], "a": [["26435.20", "2.620"], ["26435.30", "0.008"], ["26435.40", "0.007"], ["26435.50", "0.025"], ["26435.60", "0.034"]]}
{"e": "depthUpdate", "E": 1685100789567, "T": 1685100789555, "s": "BTCUSDT", "U": 2882401023162, "u": 2882401034074, "pu": 2882401022997, "b": [["26435.10", "37.611"], ["26435.00", "1.179"], ["26434.90", "1.815"], ["26434.80", "0.001"], ["26434.70", "0.016"]], "a": [["26435.20", "4.476"], ["26435.30", "0.008"], ["26435.40", "0.007"], ["26435.50", "0.026"], ["26435.60", "0.035"]]}
{"e": "depthUpdate", "E": 1685100790092, "T": 1685100790064, "s": "BTCUSDT", "U": 2882401034894, "u": 2882401046999, "pu": 2882401034074, "b": [["26435.10", "37.503"], ["26435.00", "1.179"], ["26434.90", "1.815"], ["26434.80", "0.011"], ["26434.70", "0.016"]], "a": [["26435.20", "4.454"], ["26435.30", "0.008"], ["26435.40", "0.007"], ["26435.50", "0.026"], ["26435.60", "0.036"]]}
{"e": "depthUpdate", "E": 1685100790619, "T": 1685100790590, "s": "BTCUSDT", "U": 2882401048277, "u": 2882401060524, "pu": 2882401046999, "b": [["26435.10", "37.501"], ["26435.00", "1.189"], ["26434.90", "1.825"], ["26434.80", "0.011"], ["26434.70", "0.016"]], "a": [["26435.20", "4.454"], ["26435.30", "0.008"], ["26435.40", "0.007"], ["26435.50", "0.026"], ["26435.60", "0.036"]]}
{"e": "depthUpdate", "E": 1685100791120, "T": 1685100791099, "s": "BTCUSDT", "U": 2882401061112, "u": 2882401074323, "pu": 2882401060524, "b": [["26435.10", "37.360"], ["26435.00", "1.179"], ["26434.90", "1.815"], ["26434.80", "0.001"], ["26434.70", "0.016"]], "a": [["26435.20", "4.447"], ["26435.30", "0.008"], ["26435.40", "0.007"], ["26435.50", "0.026"], ["26435.60", "0.414"]]}
{"e": "depthUpdate", "E": 1685100791645, "T": 1685100791631, "s": "BTCUSDT", "U": 2882401075363, "u": 2882401088455, "pu": 2882401074323, "b": [["26435.10", "37.360"], ["26435.00", "0.820"], ["26434.90", "1.796"], ["26434.80", "0.001"], ["26434.70", "0.016"]], "a": [["26435.20", "4.505"], ["26435.30", "0.010"], ["26435.40", "0.007"], ["26435.50", "0.026"], ["26435.60", "0.414"]]}
{"e": "depthUpdate", "E": 1685100792153, "T": 1685100792111, "s": "BTCUSDT", "U": 2882401088847, "u": 2882401099794, "pu": 2882401088455, "b": [["26435.10", "37.354"], ["26435.00", "1.208"], ["26434.90", "1.485"], ["26434.80", "0.011"], ["26434.70", "0.016"]], "a": [["26435.20", "4.809"], ["26435.30", "0.010"], ["26435.40", "0.007"], ["26435.50", "0.026"], ["26435.60", "0.414"]]}
{"e": "depthUpdate", "E": 1685100792659, "T": 1685100792618, "s": "BTCUSDT", "U": 2882401100572, "u": 2882401111565, "pu": 2882401099794, "b": [["26435.10", "37.254"], ["26435.00", "0.820"], ["26434.90", "1.475"], ["26434.80", "0.001"], ["26434.70", "0.016"]], "a": [["26435.20", "4.799"], ["26435.30", "0.010"], ["26435.40", "0.007"], ["26435.50", "0.026"], ["26435.60", "0.414"]]}
{"e": "depthUpdate", "E": 1685100793165, "T": 1685100793130, "s": "BTCUSDT", "U": 2882401112465, "u": 2882401121863, "pu": 2882401111565, "b": [["26435.10", "37.264"], ["26435.00", "0.830"], ["26434.90", "1.485"], ["26434.80", "0.011"], ["26434.70", "0.016"]], "a": [["26435.20", "4.794"], ["26435.30", "0.010"], ["26435.40", "0.007"], ["26435.50", "0.026"], ["26435.60", "0.414"]]}
{"e": "depthUpdate", "E": 1685100793669, "T": 1685100793644, "s": "BTCUSDT", "U": 2882401122552, "u": 2882401136827, "pu": 2882401121863, "b": [["26435.10", "37.253"], ["26435.00", "0.820"], ["26434.90", "1.475"], ["26434.80", "0.011"], ["26434.70", "0.016"]], "a": [["26435.20", "4.809"], ["26435.30", "0.010"], ["26435.40", "0.007"], ["26435.50", "0.026"], ["26435.60", "0.414"]]}
{"e": "depthUpdate", "E": 1685100794179, "T": 1685100794138, "s": "BTCUSDT", "U": 2882401137366, "u": 2882401148542, "pu": 2882401136827, "b": [["26435.10", "37.271"], ["26435.00", "0.821"], ["26434.90", "1.485"], ["26434.80", "0.011"], ["26434.70", "0.016"]], "a": [["26435.20", "4.786"], ["26435.30", "0.010"], ["26435.40", "0.007"], ["26435.50", "0.026"], ["26435.60", "0.414"]]}
{"e": "depthUpdate", "E": 1685100794685, "T": 1685100794667, "s": "BTCUSDT", "U": 2882401149409, "u": 2882401163139, "pu": 2882401148542, "b": [["26435.10", "37.231"], ["26435.00", "0.821"], ["26434.90", "1.475"], ["26434.80", "0.001"], ["26434.70", "0.016"]], "a": [["26435.20", "4.802"], ["26435.30", "0.010"], ["26435.40", "0.007"], ["26435.50", "0.026"], ["26435.60", "0.414"]]}
{"e": "depthUpdate", "E": 1685100795220, "T": 1685100795206, "s": "BTCUSDT", "U": 2882401164079, "u": 2882401175574, "pu": 2882401163139, "b": [["26435.10", "37.236"], ["26435.00", "0.821"], ["26434.90", "1.485"], ["26434.80", "0.011"], ["26434.70", "0.016"]], "a": [["26435.20", "4.600"], ["26435.30", "0.010"], ["26435.40", "0.007"], ["26435.50", "0.026"], ["26435.60", "0.414"]]}
{"e": "depthUpdate", "E": 1685100795722, "T": 1685100795705, "s": "BTCUSDT", "U": 2882401175824, "u": 2882401187989, "pu": 2882401175574, "b": [["26435.10", "37.180"], ["26435.00", "0.831"], ["26434.90", "1.485"], ["26434.80", "0.011"], ["26434.70", "0.016"]], "a": [["26435.20", "4.629"], ["26435.30", "0.010"], ["26435.40", "0.007"], ["26435.50", "0.026"], ["26435.60", "0.414"]]}
{"e": "depthUpdate", "E": 1685100796227, "T": 1685100796210, "s": "BTCUSDT", "U": 2882401188560, "u": 2882401200272, "pu": 2882401187989, "b": [["26435.10", "37.431"], ["26435.00", "0.821"], ["26434.90", "1.022"], ["26434.80", "0.011"], ["26434.70", "0.016"]], "a": [["26435.20", "4.565"], ["26435.30", "0.010"], ["26435.40", "0.007"], ["26435.50", "0.026"], ["26435.60", "0.414"]]}
{"e": "depthUpdate", "E": 1685100796736, "T": 1685100796731, "s": "BTCUSDT", "U": 2882401200710, "u": 2882401254371, "pu": 2882401200272, "b": [["26433.80", "0.548"], ["26433.70", "0.002"], ["26433.60", "0.380"], ["26433.50", "0.001"], ["26433.40", "0.001"]], "a": [["26433.90", "44.382"], ["26434.00", "27.158"], ["26434.10", "18.504"], ["26434.20", "25.663"], ["26434.30", "22.492"]]}
{"e": "depthUpdate", "E": 1685100797236, "T": 1685100797210, "s": "BTCUSDT", "U": 2882401254375, "u": 2882401277577, "pu": 2882401254371, "b": [["26433.80", "0.299"], ["26433.70", "0.003"], ["26433.60", "0.002"], ["26433.50", "0.001"], ["26433.40", "0.001"]], "a": [["26433.90", "50.547"], ["26434.00", "0.151"], ["26434.10", "0.579"], ["26434.20", "0.424"], ["26434.30", "0.104"]]}
{"e": "depthUpdate", "E": 1685100797740, "T": 1685100797728, "s": "BTCUSDT", "U": 2882401278394, "u": 2882401293253, "pu": 2882401277577, "b": [["26433.80", "1.325"], ["26433.70", "0.003"], ["26433.60", "0.002"], ["26433.50", "0.001"], ["26433.40", "0.001"]], "a": [["26433.90", "50.971"], ["26434.00", "0.151"], ["26434.10", "0.579"], ["26434.20", "0.424"], ["26434.30", "0.103"]]}
{"e": "depthUpdate", "E": 1685100798254, "T": 1685100798248, "s": "BTCUSDT", "U": 2882401293775, "u": 2882401313479, "pu": 2882401293253, "b": [["26433.00", "3.367"], ["26432.90", "0.002"], ["26432.80", "0.002"], ["26432.70", "0.001"], ["26432.60", "0.011"]], "a": [["26433.10", "17.389"], ["26433.20", "0.837"], ["26433.30", "0.001"], ["26433.40", "0.019"], ["26433.50", "2.171"]]}
{"e": "depthUpdate", "E": 1685100798764, "T": 1685100798749, "s": "BTCUSDT", "U": 2882401313766, "u": 2882401328132, "pu": 2882401313479, "b": [["26433.00", "4.142"], ["26432.90", "0.003"], ["26432.80", "0.002"], ["26432.70", "0.001"], ["26432.60", "0.011"]], "a": [["26433.10", "12.989"], ["26433.20", "0.837"], ["26433.30", "0.002"], ["26433.40", "0.019"], ["26433.50", "1.793"]]}
{"e": "depthUpdate", "E": 1685100799270, "T": 1685100799247, "s": "BTCUSDT", "U": 2882401328588, "u": 2882401341376, "pu": 2882401328132, "b": [["26433.00", "8.867"], ["26432.90", "0.002"], ["26432.80", "0.333"], ["26432.70", "0.389"], ["26432.60", "0.011"]], "a": [["26433.10", "10.747"], ["26433.20", "0.308"], ["26433.30", "0.001"], ["26433.40", "0.001"], ["26433.50", "0.001"]]}
{"e": "depthUpdate", "E": 1685100799775, "T": 1685100799770, "s": "BTCUSDT", "U": 2882401342016, "u": 2882401357749, "pu": 2882401341376, "b": [["26433.00", "10.741"], ["26432.90", "0.002"], ["26432.80", "0.323"], ["26432.70", "0.389"], ["26432.60", "0.011"]], "a": [["26433.10", "1.954"], ["26433.20", "0.308"], ["26433.30", "0.001"], ["26433.40", "0.001"], ["26433.50", "0.001"]]}
{"e": "depthUpdate", "E": 1685100800279, "T": 1685100800271, "s": "BTCUSDT", "U": 2882401357935, "u": 2882401372460, "pu": 2882401357749, "b": [["26433.00", "10.118"], ["26432.90", "0.002"], ["26432.80", "0.323"], ["26432.70", "0.379"], ["26432.60", "0.001"]], "a": [["26433.10", "4.747"], ["26433.20", "0.309"], ["26433.30", "0.002"], ["26433.40", "0.001"], ["26433.50", "0.231"]]}
{"e": "depthUpdate", "E": 1685100800789, "T": 1685100800781, "s": "BTCUSDT", "U": 2882401372804, "u": 2882401386840, "pu": 2882401372460, "b": [["26433.00", "10.058"], ["26432.90", "0.002"], ["26432.80", "0.323"], ["26432.70", "0.389"], ["26432.60", "0.011"]], "a": [["26433.10", "4.837"], ["26433.20", "0.309"], ["26433.30", "0.003"], ["26433.40", "0.001"], ["26433.50", "0.143"]]}
{"e": "depthUpdate", "E": 1685100801294, "T": 1685100801269, "s": "BTCUSDT", "U": 2882401386990, "u": 2882401401181, "pu": 2882401386840, "b": [["26433.00", "9.996"], ["26432.90", "0.012"], ["26432.80", "0.333"], ["26432.70", "0.389"], ["26432.60", "0.011"]], "a": [["26433.10", "4.853"], ["26433.20", "0.309"], ["26433.30", "0.003"], ["26433.40", "0.260"], ["26433.50", "0.143"]]}
{"e": "depthUpdate", "E": 1685100801802, "T": 1685100801788, "s": "BTCUSDT", "U": 2882401401887, "u": 2882401416263, "pu": 2882401401181, "b": [["26433.00", "10.017"], ["26432.90", "0.012"], ["26432.80", "0.333"], ["26432.70", "0.389"], ["26432.60", "0.011"]], "a": [["26433.10", "4.885"], ["26433.20", "0.003"], ["26433.30", "0.381"], ["26433.40", "0.019"], ["26433.50", "0.402"]]}
{"e": "depthUpdate", "E": 1685100802308, "T": 1685100802298, "s": "BTCUSDT", "U": 2882401416793, "u": 2882401429670, "pu": 2882401416263, "b": [["26433.00", "9.482"], ["26432.90", "0.531"], ["26432.80", "0.323"], ["26432.70", "0.011"], ["26432.60", "0.011"]], "a": [["26433.10", "4.997"], ["26433.20", "0.112"], ["26433.30", "0.381"], ["26433.40", "0.019"], ["26433.50", "0.001"]]}
{"e": "depthUpdate", "E": 1685100802820, "T": 1685100802799, "s": "BTCUSDT", "U": 2882401429948, "u": 2882401442031, "pu": 2882401429670, "b": [["26433.00", "10.322"], ["26432.90", "0.541"], ["26432.80", "0.333"], ["26432.70", "0.011"], ["26432.60", "0.011"]], "a": [["26433.10", "3.983"], ["26433.20", "0.003"], ["26433.30", "0.381"], ["26433.40", "0.001"], ["26433.50", "0.143"]]}
{"e": "depthUpdate", "E": 1685100803324, "T": 1685100803303, "s": "BTCUSDT", "U": 2882401442564, "u": 2882401454247, "pu": 2882401442031, "b": [["26433.00", "9.493"], ["26432.90", "0.531"], ["26432.80", "0.323"], ["26432.70", "0.011"], ["26432.60", "0.011"]], "a": [["26433.10", "3.998"], ["26433.20", "0.003"], ["26433.30", "0.381"], ["26433.40", "0.001"], ["26433.50", "0.402"]]}
{"e": "depthUpdate", "E": 1685100803835, "T": 1685100803809, "s": "BTCUSDT", "U": 2882401455166, "u": 2882401466982, "pu": 2882401454247, "b": [["26433.00", "11.464"], ["26432.90", "0.531"], ["26432.80", "0.323"], ["26432.70", "0.011"], ["26432.60", "0.011"]], "a": [["26433.10", "4.022"], ["26433.20", "0.246"], ["26433.30", "0.381"], ["26433.40", "0.139"], ["26433.50", "0.001"]]}
{"e": "depthUpdate", "E": 1685100804337, "T": 1685100804331, "s": "BTCUSDT", "U": 2882401467433, "u": 2882401479180, "pu": 2882401466982, "b": [["26433.00", "10.080"], ["26432.90", "0.531"], ["26432.80", "0.323"], ["26432.70", "0.011"], ["26432.60", "0.011"]], "a": [["26433.10", "4.194"], ["26433.20", "0.177"], ["26433.30", "0.381"], ["26433.40", "0.001"], ["26433.50", "0.001"]]}
{"e": "depthUpdate", "E": 1685100804846, "T": 1685100804833, "s": "BTCUSDT", "U": 2882401479411, "u": 2882401493010, "pu": 2882401479180, "b": [["26433.00", "10.103"], ["26432.90", "0.549"], ["26432.80", "0.323"], ["26432.70", "0.011"], ["26432.60", "0.011"]], "a": [["26433.10", "4.117"], ["26433.20", "0.265"], ["26433.30", "0.381"], ["26433.40", "0.001"], ["26433.50", "0.001"]]}
{"e": "depthUpdate", "E": 1685100805363, "T": 1685100805329, "s": "BTCUSDT", "U": 2882401493528, "u": 2882401509205, "pu": 2882401493010, "b": [["26433.00", "9.940"], ["26432.90", "0.559"], ["26432.80", "0.333"], ["26432.70", "0.011"], ["26432.60", "0.011"]], "a": [["26433.10", "4.717"], ["26433.20", "0.177"], ["26433.30", "0.381"], ["26433.40", "0.001"], ["26433.50", "0.001"]]}
{"e": "depthUpdate", "E": 1685100805869, "T": 1685100805843, "s": "BTCUSDT", "U": 2882401510267, "u": 2882401523056, "pu": 2882401509205, "b": [["26433.00", "9.978"], ["26432.90", "0.531"], ["26432.80", "0.323"], ["26432.70", "0.011"], ["26432.60", "0.011"]], "a": [["26433.10", "4.738"], ["26433.20", "0.177"], ["26433.30", "0.381"], ["26433.40", "0.001"], ["26433.50", "0.001"]]}
{"e": "depthUpdate", "E": 1685100806382, "T": 1685100806350, "s": "BTCUSDT", "U": 2882401523727, "u": 2882401534676, "pu": 2882401523056, "b": [["26433.00", "10.000"], ["26432.90", "0.002"], ["26432.80", "0.333"], ["26432.70", "0.011"], ["26432.60", "0.011"]], "a": [["26433.10", "4.079"], ["26433.20", "0.177"], ["26433.30", "0.381"], ["26433.40", "0.001"], ["26433.50", "0.001"]]}
{"e": "depthUpdate", "E": 1685100806891, "T": 1685100806881, "s": "BTCUSDT", "U": 2882401535391, "u": 2882401547167, "pu": 2882401534676, "b": [["26433.00", "9.601"], ["26432.90", "0.002"], ["26432.80", "0.323"], ["26432.70", "0.001"], ["26432.60", "0.029"]], "a": [["26433.10", "5.301"], ["26433.20", "0.177"], ["26433.30", "0.381"], ["26433.40", "0.001"], ["26433.50", "0.001"]]}
{"e": "depthUpdate", "E": 1685100807397, "T": 1685100807369, "s": "BTCUSDT", "U": 2882401547381, "u": 2882401564112, "pu": 2882401547167, "b": [["26433.00", "6.533"], ["26432.90", "0.002"], ["26432.80", "0.002"], ["26432.70", "0.019"], ["26432.60", "0.781"]], "a": [["26433.10", "8.256"], ["26433.20", "0.021"], ["26433.30", "0.381"], ["26433.40", "0.001"], ["26433.50", "0.001"]]}
{"e": "depthUpdate", "E": 1685100807898, "T": 1685100807888, "s": "BTCUSDT", "U": 2882401564832, "u": 2882401576922, "pu": 2882401564112, "b": [["26433.00", "6.776"], ["26432.90", "0.002"], ["26432.80", "0.002"], ["26432.70", "0.019"], ["26432.60", "0.781"]], "a": [["26433.10", "8.210"], ["26433.20", "0.003"], ["26433.30", "0.381"], ["26433.40", "0.001"], ["26433.50", "0.001"]]}
{"e": "depthUpdate", "E": 1685100808419, "T": 1685100808386, "s": "BTCUSDT", "U": 2882401577474, "u": 2882401589005, "pu": 2882401576922, "b": [["26433.00", "10.994"], ["26432.90", "0.781"], ["26432.80", "0.333"], ["26432.70", "0.029"], ["26432.60", "0.011"]], "a": [["26433.10", "6.259"], ["26433.20", "0.175"], ["26433.30", "0.003"], ["26433.40", "0.001"], ["26433.50", "0.001"]]}
{"e": "depthUpdate", "E": 1685100808920, "T": 1685100808912, "s": "BTCUSDT", "U": 2882401589522, "u": 2882401603077, "pu": 2882401589005, "b": [["26433.00", "10.999"], ["26432.90", "0.791"], ["26432.80", "0.333"], ["26432.70", "0.029"], ["26432.60", "0.011"]], "a": [["26433.10", "3.737"], ["26433.20", "0.003"], ["26433.30", "0.003"], ["26433.40", "0.001"], ["26433.50", "0.001"]]}
{"e": "depthUpdate", "E": 1685100809424, "T": 1685100809416, "s": "BTCUSDT", "U": 2882401603331, "u": 2882401617971, "pu": 2882401603077, "b": [["26433.00", "10.988"], ["26432.90", "0.781"], ["26432.80", "0.323"], ["26432.70", "0.029"], ["26432.60", "0.011"]], "a": [["26433.10", "3.729"], ["26433.20", "0.003"], ["26433.30", "0.003"], ["26433.40", "0.001"], ["26433.50", "0.001"]]}
{"e": "depthUpdate", "E": 1685100809931, "T": 1685100809897, "s": "BTCUSDT", "U": 2882401618314, "u": 2882401628608, "pu": 2882401617971, "b": [["26433.00", "11.058"], ["26432.90", "0.781"], ["26432.80", "0.323"], ["26432.70", "0.029"], ["26432.60", "0.011"]], "a": [["26433.10", "3.753"], ["26433.20", "0.003"], ["26433.30", "0.190"], ["26433.40", "0.379"], ["26433.50", "0.001"]]}
{"e": "depthUpdate", "E": 1685100810436, "T": 1685100810420, "s": "BTCUSDT", "U": 2882401629546, "u": 2882401643311, "pu": 2882401628608, "b": [["26433.00", "11.059"], ["26432.90", "0.792"], ["26432.80", "0.333"], ["26432.70", "0.029"], ["26432.60", "0.011"]], "a": [["26433.10", "3.765"], ["26433.20", "0.003"], ["26433.30", "0.190"], ["26433.40", "0.379"], ["26433.50", "0.001"]]}
{"e": "depthUpdate", "E": 1685100810964, "T": 1685100810944, "s": "BTCUSDT", "U": 2882401644322, "u": 2882401657273, "pu": 2882401643311, "b": [["26433.00", "11.072"], ["26432.90", "0.792"], ["26432.80", "0.333"], ["26432.70", "0.029"], ["26432.60", "0.011"]], "a": [["26433.10", "3.981"], ["26433.20", "0.003"], ["26433.30", "0.190"], ["26433.40", "0.379"], ["26433.50", "0.001"]]}
{"e": "depthUpdate", "E": 1685100811470, "T": 1685100811448, "s": "BTCUSDT", "U": 2882401657759, "u": 2882401684267, "pu": 2882401657273, "b": [["26433.00", "13.638"], ["26432.90", "1.728"], ["26432.80", "0.333"], ["26432.70", "0.029"], ["26432.60", "0.011"]], "a": [["26433.10", "4.681"], ["26433.20", "0.003"], ["26433.30", "0.003"], ["26433.40", "0.001"], ["26433.50", "0.001"]]}
{"e": "depthUpdate", "E": 1685100811980, "T": 1685100811948, "s": "BTCUSDT", "U": 2882401684970, "u": 2882401697307, "pu": 2882401684267, "b": [["26433.00", "11.987"], ["26432.90", "1.350"], ["26432.80", "0.323"], ["26432.70", "0.019"], ["26432.60", "0.011"]], "a": [["26433.10", "4.799"], ["26433.20", "0.003"], ["26433.30", "0.003"], ["26433.40", "0.001"], ["26433.50", "0.379"]]}
{"e": "depthUpdate", "E": 1685100812487, "T": 1685100812482, "s": "BTCUSDT", "U": 2882401698208, "u": 2882401712433, "pu": 2882401697307, "b": [["26433.00", "13.930"], ["26432.90", "1.350"], ["26432.80", "0.333"], ["26432.70", "0.029"], ["26432.60", "0.011"]], "a": [["26433.10", "0.181"], ["26433.20", "0.003"], ["26433.30", "0.003"], ["26433.40", "0.001"], ["26433.50", "0.379"]]}
{"e": "depthUpdate", "E": 1685100812991, "T": 1685100812957, "s": "BTCUSDT", "U": 2882401712639, "u": 2882401724219, "pu": 2882401712433, "b": [["26433.00", "13.837"], ["26432.90", "1.350"], ["26432.80", "0.323"], ["26432.70", "0.029"], ["26432.60", "0.011"]], "a": [["26433.10", "1.600"], ["26433.20", "0.003"], ["26433.30", "0.003"], ["26433.40", "0.001"], ["26433.50", "0.379"]]}
{"e": "depthUpdate", "E": 1685100813500, "T": 1685100813480, "s": "BTCUSDT", "U": 2882401725362, "u": 2882401738279, "pu": 2882401724219, "b": [["26433.00", "11.836"], ["26432.90", "1.360"], ["26432.80", "0.333"], ["26432.70", "0.029"], ["26432.60", "0.011"]], "a": [["26433.10", "1.690"], ["26433.20", "0.381"], ["26433.30", "0.003"], ["26433.40", "0.001"], ["26433.50", "0.001"]]}
{"e": "depthUpdate", "E": 1685100814005, "T": 1685100813988, "s": "BTCUSDT", "U": 2882401738692, "u": 2882401750700, "pu": 2882401738279, "b": [["26433.00", "13.573"], ["26432.90", "1.360"], ["26432.80", "0.333"], ["26432.70", "0.029"], ["26432.60", "0.011"]], "a": [["26433.10", "0.816"], ["26433.20", "0.381"], ["26433.30", "0.003"], ["26433.40", "0.001"], ["26433.50", "0.001"]]}
{"e": "depthUpdate", "E": 1685100814505, "T": 1685100814495, "s": "BTCUSDT", "U": 2882401750902, "u": 2882401764206, "pu": 2882401750700, "b": [["26433.00", "12.558"], ["26432.90", "1.350"], ["26432.80", "0.002"], ["26432.70", "0.019"], ["26432.60", "0.011"]], "a": [["26433.10", "1.528"], ["26433.20", "0.381"], ["26433.30", "0.003"], ["26433.40", "0.001"], ["26433.50", "0.001"]]}
{"e": "depthUpdate", "E": 1685100815021, "T": 1685100815007, "s": "BTCUSDT", "U": 2882401764686, "u": 2882401775675, "pu": 2882401764206, "b": [["26433.00", "13.975"], ["26432.90", "1.360"], ["26432.80", "0.012"], ["26432.70", "0.029"], ["26432.60", "0.011"]], "a": [["26433.10", "1.527"], ["26433.20", "0.381"], ["26433.30", "0.003"], ["26433.40", "0.001"], ["26433.50", "0.001"]]}
{"e": "depthUpdate", "E": 1685100815525, "T": 1685100815507, "s": "BTCUSDT", "U": 2882401776079, "u": 2882401788353, "pu": 2882401775675, "b": [["26433.00", "13.981"], ["26432.90", "1.360"], ["26432.80", "0.012"], ["26432.70", "0.029"], ["26432.60", "0.011"]], "a": [["26433.10", "0.106"], ["26433.20", "0.381"], ["26433.30", "0.003"], ["26433.40", "0.001"], ["26433.50", "0.001"]]}
{"e": "depthUpdate", "E": 1685100816027, "T": 1685100816013, "s": "BTCUSDT", "U": 2882401788789, "u": 2882401799947, "pu": 2882401788353, "b": [["26433.00", "13.939"], ["26432.90", "1.350"], ["26432.80", "0.002"], ["26432.70", "0.019"], ["26432.60", "0.001"]], "a": [["26433.10", "0.730"], ["26433.20", "0.381"], ["26433.30", "0.003"], ["26433.40", "0.001"], ["26433.50", "0.001"]]}
{"e": "depthUpdate", "E": 1685100816538, "T": 1685100816522, "s": "BTCUSDT", "U": 2882401800442, "u": 2882401812537, "pu": 2882401799947, "b": [["26433.00", "13.302"], ["26432.90", "1.350"], ["26432.80", "0.002"], ["26432.70", "0.029"], ["26432.60", "0.011"]], "a": [["26433.10", "1.538"], ["26433.20", "0.381"], ["26433.30", "0.003"], ["26433.40", "0.001"], ["26433.50", "0.001"]]}
{"e": "depthUpdate", "E": 1685100817046, "T": 1685100817028, "s": "BTCUSDT", "U": 2882401812917, "u": 2882401824264, "pu": 2882401812537, "b": [["26433.00", "13.288"], ["26432.90", "1.360"], ["26432.80", "0.012"], ["26432.70", "0.029"], ["26432.60", "0.011"]], "a": [["26433.10", "1.536"], ["26433.20", "0.381"], ["26433.30", "0.003"], ["26433.40", "0.001"], ["26433.50", "0.001"]]}
{"e": "depthUpdate", "E": 1685100817547, "T": 1685100817537, "s": "BTCUSDT", "U": 2882401824548, "u": 2882401836817, "pu": 2882401824264, "b": [["26433.00", "13.713"], ["26432.90", "1.360"], ["26432.80", "0.012"], ["26432.70", "0.029"], ["26432.60", "0.011"]], "a": [["26433.10", "1.562"], ["26433.20", "0.381"], ["26433.30", "0.003"], ["26433.40", "0.001"], ["26433.50", "0.001"]]}
{"e": "depthUpdate", "E": 1685100818064, "T": 1685100818055, "s": "BTCUSDT", "U": 2882401837558, "u": 2882401855391, "pu": 2882401836817, "b": [["26433.00", "14.914"], ["26432.90", "2.195"], ["26432.80", "0.390"], ["26432.70", "0.029"], ["26432.60", "0.011"]], "a": [["26433.10", "0.135"], ["26433.20", "0.003"], ["26433.30", "0.003"], ["26433.40", "0.001"], ["26433.50", "0.001"]]}
{"e": "depthUpdate", "E": 1685100818567, "T": 1685100818553, "s": "BTCUSDT", "U": 2882401855655, "u": 2882401879326, "pu": 2882401855391, "b": [["26433.80", "22.881"], ["26433.70", "6.501"], ["26433.60", "0.001"], ["26433.50", "0.001"], ["26433.40", "0.001"]], "a": [["26433.90", "0.414"], ["26434.00", "0.004"], ["26434.10", "0.003"], ["26434.20", "0.002"], ["26434.30", "0.001"]]}
{"e": "depthUpdate", "E": 1685100819072, "T": 1685100819032, "s": "BTCUSDT", "U": 2882401879921, "u": 2882401898170, "pu": 2882401879326, "b": [["26433.80", "26.020"], ["26433.70", "4.345"], ["26433.60", "0.011"], ["26433.50", "0.011"], ["26433.40", "0.011"]], "a": [["26433.90", "0.957"], ["26434.00", "0.004"], ["26434.10", "0.003"], ["26434.20", "0.002"], ["26434.30", "0.001"]]}
{"e": "depthUpdate", "E": 1685100819580, "T": 1685100819570, "s": "BTCUSDT", "U": 2882401899510, "u": 2882401916765, "pu": 2882401898170, "b": [["26433.80", "25.616"], ["26433.70", "4.329"], ["26433.60", "0.001"], ["26433.50", "0.011"], ["26433.40", "0.011"]], "a": [["26433.90", "1.013"], ["26434.00", "0.004"], ["26434.10", "0.003"], ["26434.20", "0.002"], ["26434.30", "0.001"]]}
{"e": "depthUpdate", "E": 1685100820082, "T": 1685100820046, "s": "BTCUSDT", "U": 2882401916931, "u": 2882401929943, "pu": 2882401916765, "b": [["26433.80", "25.006"], ["26433.70", "3.119"], ["26433.60", "0.011"], ["26433.50", "0.011"], ["26433.40", "0.011"]], "a": [["26433.90", "1.793"], ["26434.00", "0.004"], ["26434.10", "0.003"], ["26434.20", "0.002"], ["26434.30", "0.001"]]}
{"e": "depthUpdate", "E": 1685100820593, "T": 1685100820587, "s": "BTCUSDT", "U": 2882401931521, "u": 2882401944692, "pu": 2882401929943, "b": [["26433.80", "18.018"], ["26433.70", "3.438"], ["26433.60", "0.001"], ["26433.50", "0.001"], ["26433.40", "0.001"]], "a": [["26433.90", "2.849"], ["26434.00", "0.004"], ["26434.10", "0.003"], ["26434.20", "0.002"], ["26434.30", "0.001"]]}
{"e": "depthUpdate", "E": 1685100821100, "T": 1685100821060, "s": "BTCUSDT", "U": 2882401944962, "u": 2882401955859, "pu": 2882401944692, "b": [["26433.80", "18.049"], ["26433.70", "3.438"], ["26433.60", "0.001"], ["26433.50", "0.011"], ["26433.40", "0.011"]], "a": [["26433.90", "1.827"], ["26434.00", "0.004"], ["26434.10", "0.003"], ["26434.20", "0.002"], ["26434.30", "0.001"]]}
{"e": "depthUpdate", "E": 1685100821605, "T": 1685100821567, "s": "BTCUSDT", "U": 2882401956883, "u": 2882401967986, "pu": 2882401955859, "b": [["26433.80", "18.347"], ["26433.70", "3.119"], ["26433.60", "0.011"], ["26433.50", "0.030"], ["26433.40", "0.011"]], "a": [["26433.90", "1.831"], ["26434.00", "0.004"], ["26434.10", "0.003"], ["26434.20", "0.002"], ["26434.30", "0.001"]]}
{"e": "depthUpdate", "E": 1685100822119, "T": 1685100822095, "s": "BTCUSDT", "U": 2882401969521, "u": 2882401980410, "pu": 2882401967986, "b": [["26433.80", "18.324"], ["26433.70", "3.129"], ["26433.60", "0.011"], ["26433.50", "0.030"], ["26433.40", "0.011"]], "a": [["26433.90", "1.809"], ["26434.00", "0.004"], ["26434.10", "0.003"], ["26434.20", "0.002"], ["26434.30", "0.001"]]}
{"e": "depthUpdate", "E": 1685100822631, "T": 1685100822623, "s": "BTCUSDT", "U": 2882401981482, "u": 2882401993891, "pu": 2882401980410, "b": [["26433.80", "18.403"], ["26433.70", "3.119"], ["26433.60", "0.011"], ["26433.50", "0.030"], ["26433.40", "0.011"]], "a": [["26433.90", "1.980"], ["26434.00", "0.011"], ["26434.10", "0.003"], ["26434.20", "0.002"], ["26434.30", "0.001"]]}
{"e": "depthUpdate", "E": 1685100823148, "T": 1685100823140, "s": "BTCUSDT", "U": 2882401994421, "u": 2882402007326, "pu": 2882401993891, "b": [["26433.80", "18.102"], ["26433.70", "3.119"], ["26433.60", "0.001"], ["26433.50", "0.030"], ["26433.40", "0.011"]], "a": [["26433.90", "2.499"], ["26434.00", "0.011"], ["26434.10", "0.003"], ["26434.20", "0.002"], ["26434.30", "0.001"]]}
{"e": "depthUpdate", "E": 1685100823652, "T": 1685100823646, "s": "BTCUSDT", "U": 2882402007522, "u": 2882402021034, "pu": 2882402007326, "b": [["26433.80", "18.135"], ["26433.70", "3.129"], ["26433.60", "0.011"], ["26433.50", "0.030"], ["26433.40", "0.011"]], "a": [["26433.90", "2.063"], ["26434.00", "0.012"], ["26434.10", "0.003"], ["26434.20", "0.002"], ["26434.30", "0.001"]]}
{"e": "depthUpdate", "E": 1685100824164, "T": 1685100824143, "s": "BTCUSDT", "U": 2882402021274, "u": 2882402033767, "pu": 2882402021034, "b": [["26433.80", "18.165"], ["26433.70", "3.119"], ["26433.60", "0.001"], ["26433.50", "0.030"], ["26433.40", "0.011"]], "a": [["26433.90", "2.055"], ["26434.00", "0.014"], ["26434.10", "0.003"], ["26434.20", "0.002"], ["26434.30", "0.001"]]}
{"e": "depthUpdate", "E": 1685100824669, "T": 1685100824663, "s": "BTCUSDT", "U": 2882402034396, "u": 2882402046219, "pu": 2882402033767, "b": [["26433.80", "18.184"], ["26433.70", "4.339"], ["26433.60", "0.011"], ["26433.50", "0.408"], ["26433.40", "0.011"]], "a": [["26433.90", "1.577"], ["26434.00", "0.014"], ["26434.10", "0.003"], ["26434.20", "0.002"], ["26434.30", "0.001"]]}
{"e": "depthUpdate", "E": 1685100825175, "T": 1685100825159, "s": "BTCUSDT", "U": 2882402046374, "u": 2882402058025, "pu": 2882402046219, "b": [["26433.80", "18.079"], ["26433.70", "4.329"], ["26433.60", "0.001"], ["26433.50", "0.408"], ["26433.40", "0.011"]], "a": [["26433.90", "1.915"], ["26434.00", "0.015"], ["26434.10", "0.003"], ["26434.20", "0.002"], ["26434.30", "0.001"]]}
{"e": "depthUpdate", "E": 1685100825678, "T": 1685100825663, "s": "BTCUSDT", "U": 2882402058338, "u": 2882402069823, "pu": 2882402058025, "b": [["26433.80", "17.963"], ["26433.70", "4.329"], ["26433.60", "0.001"], ["26433.50", "0.398"], ["26433.40", "0.001"]], "a": [["26433.90", "1.939"], ["26434.00", "0.015"], ["26434.10", "0.003"], ["26434.20", "0.002"], ["26434.30", "0.001"]]}
{"e": "depthUpdate", "E": 1685100826185, "T": 1685100826169, "s": "BTCUSDT", "U": 2882402070255, "u": 2882402082233, "pu": 2882402069823, "b": [["26433.80", "17.995"], ["26433.70", "3.992"], ["26433.60", "0.011"], ["26433.50", "0.408"], ["26433.40", "0.011"]], "a": [["26433.90", "1.937"], ["26434.00", "0.015"], ["26434.10", "0.003"], ["26434.20", "0.002"], ["26434.30", "0.019"]]}
{"e": "depthUpdate", "E": 1685100826704, "T": 1685100826678, "s": "BTCUSDT", "U": 2882402082893, "u": 2882402094817, "pu": 2882402082233, "b": [["26433.80", "17.496"], ["26433.70", "3.982"], ["26433.60", "0.001"], ["26433.50", "0.020"], ["26433.40", "0.001"]], "a": [["26433.90", "3.782"], ["26434.00", "0.394"], ["26434.10", "0.004"], ["26434.20", "0.002"], ["26434.30", "0.001"]]}
{"e": "depthUpdate", "E": 1685100827225, "T": 1685100827218, "s": "BTCUSDT", "U": 2882402095596, "u": 2882402108656, "pu": 2882402094817, "b": [["26433.80", "16.432"], ["26433.70", "2.015"], ["26433.60", "0.001"], ["26433.50", "0.334"], ["26433.40", "0.001"]], "a": [["26433.90", "6.298"], ["26434.00", "0.394"], ["26434.10", "0.004"], ["26434.20", "0.002"], ["26434.30", "0.001"]]}
{"e": "depthUpdate", "E": 1685100827730, "T": 1685100827702, "s": "BTCUSDT", "U": 2882402108787, "u": 2882402119755, "pu": 2882402108656, "b": [["26433.80", "16.463"], ["26433.70", "2.015"], ["26433.60", "0.001"], ["26433.50", "0.334"], ["26433.40", "0.001"]], "a": [["26433.90", "7.504"], ["26434.00", "0.394"], ["26434.10", "0.004"], ["26434.20", "0.002"], ["26434.30", "0.001"]]}
{"e": "depthUpdate", "E": 1685100828238, "T": 1685100828229, "s": "BTCUSDT", "U": 2882402120510, "u": 2882402131565, "pu": 2882402119755, "b": [["26433.80", "16.474"], ["26433.70", "2.015"], ["26433.60", "0.001"], ["26433.50", "0.344"], ["26433.40", "0.011"]], "a": [["26433.90", "7.426"], ["26434.00", "0.394"], ["26434.10", "0.004"], ["26434.20", "0.002"], ["26434.30", "0.001"]]}
{"e": "depthUpdate", "E": 1685100828744, "T": 1685100828733, "s": "BTCUSDT", "U": 2882402131808, "u": 2882402142680, "pu": 2882402131565, "b": [["26433.80", "16.799"], ["26433.70", "2.015"], ["26433.60", "0.001"], ["26433.50", "0.020"], ["26433.40", "0.001"]], "a": [["26433.90", "5.505"], ["26434.00", "0.394"], ["26434.10", "0.004"], ["26434.20", "0.002"], ["26434.30", "0.001"]]}
{"e": "depthUpdate", "E": 1685100829246, "T": 1685100829220, "s": "BTCUSDT", "U": 2882402142850, "u": 2882402153830, "pu": 2882402142680, "b": [["26433.80", "17.495"], ["26433.70", "2.015"], ["26433.60", "0.001"], ["26433.50", "0.020"], ["26433.40", "0.001"]], "a": [["26433.90", "5.303"], ["26434.00", "0.394"], ["26434.10", "0.004"], ["26434.20", "0.002"], ["26434.30", "0.001"]]}
{"e": "depthUpdate", "E": 1685100829755, "T": 1685100829740, "s": "BTCUSDT", "U": 2882402154706, "u": 2882402165017, "pu": 2882402153830, "b": [["26433.80", "16.766"], ["26433.70", "2.015"], ["26433.60", "0.001"], ["26433.50", "0.020"], ["26433.40", "0.011"]], "a": [["26433.90", "5.212"], ["26434.00", "0.394"], ["26434.10", "0.004"], ["26434.20", "0.002"], ["26434.30", "0.001"]]}
{"e": "depthUpdate", "E": 1685100830266, "T": 1685100830256, "s": "BTCUSDT", "U": 2882402165282, "u": 2882402178120, "pu": 2882402165017, "b": [["26433.80", "16.784"], ["26433.70", "2.015"], ["26433.60", "0.011"], ["26433.50", "0.030"], ["26433.40", "0.011"]], "a": [["26433.90", "4.698"], ["26434.00", "0.394"], ["26434.10", "0.004"], ["26434.20", "0.002"], ["26434.30", "0.001"]]}
{"e": "depthUpdate", "E": 1685100830771, "T": 1685100830754, "s": "BTCUSDT", "U": 2882402178649, "u": 2882402194931, "pu": 2882402178120, "b": [["26433.80", "16.791"], ["26433.70", "2.015"], ["26433.60", "0.011"], ["26433.50", "0.030"], ["26433.40", "0.011"]], "a": [["26433.90", "4.698"], ["26434.00", "0.394"], ["26434.10", "0.004"], ["26434.20", "0.002"], ["26434.30", "0.001"]]}
{"e": "depthUpdate", "E": 1685100831285, "T": 1685100831280, "s": "BTCUSDT", "U": 2882402195521, "u": 2882402210317, "pu": 2882402194931, "b": [["26433.80", "16.791"], ["26433.70", "2.015"], ["26433.60", "0.020"], ["26433.50", "0.001"], ["26433.40", "0.001"]], "a": [["26433.90", "5.224"], ["26434.00", "0.394"], ["26434.10", "0.004"], ["26434.20", "0.002"], ["26434.30", "0.001"]]}
{"e": "depthUpdate", "E": 1685100831807, "T": 1685100831767, "s": "BTCUSDT", "U": 2882402210813, "u": 2882402238984, "pu": 2882402210317, "b": [["26433.80", "19.922"], ["26433.70", "2.025"], ["26433.60", "0.030"], ["26433.50", "0.011"], ["26433.40", "0.011"]], "a": [["26433.90", "3.710"], ["26434.00", "0.016"], ["26434.10", "0.004"], ["26434.20", "0.002"], ["26434.30", "0.001"]]}
{"e": "depthUpdate", "E": 1685100832319, "T": 1685100832274, "s": "BTCUSDT", "U": 2882402239908, "u": 2882402250472, "pu": 2882402238984, "b": [["26433.80", "19.814"], ["26433.70", "2.015"], ["26433.60", "0.030"], ["26433.50", "0.011"], ["26433.40", "0.011"]], "a": [["26433.90", "3.726"], ["26434.00", "0.018"], ["26434.10", "0.004"], ["26434.20", "0.002"], ["26434.30", "0.001"]]}
{"e": "depthUpdate", "E": 1685100832821, "T": 1685100832812, "s": "BTCUSDT", "U": 2882402251581, "u": 2882402265090, "pu": 2882402250472, "b": [["26433.80", "19.919"], ["26433.70", "2.015"], ["26433.60", "0.351"], ["26433.50", "0.011"], ["26433.40", "0.011"]], "a": [["26433.90", "3.719"], ["26434.00", "0.021"], ["26434.10", "0.004"], ["26434.20", "0.002"], ["26434.30", "0.019"]]}
{"e": "depthUpdate", "E": 1685100833329, "T": 1685100833310, "s": "BTCUSDT", "U": 2882402265435, "u": 2882402277619, "pu": 2882402265090, "b": [["26433.80", "10.880"], ["26433.70", "2.024"], ["26433.60", "0.030"], ["26433.50", "0.011"], ["26433.40", "0.011"]], "a": [["26433.90", "6.535"], ["26434.00", "0.022"], ["26434.10", "0.022"], ["26434.20", "0.380"], ["26434.30", "0.164"]]}
{"e": "depthUpdate", "E": 1685100833835, "T": 1685100833829, "s": "BTCUSDT", "U": 2882402278379, "u": 2882402291497, "pu": 2882402277619, "b": [["26433.80", "8.996"], ["26433.70", "2.014"], ["26433.60", "0.020"], ["26433.50", "0.001"], ["26433.40", "0.001"]], "a": [["26433.90", "7.480"], ["26434.00", "0.023"], ["26434.10", "0.004"], ["26434.20", "0.380"], ["26434.30", "0.001"]]}
{"e": "depthUpdate", "E": 1685100834340, "T": 1685100834336, "s": "BTCUSDT", "U": 2882402291636, "u": 2882402304182, "pu": 2882402291497, "b": [["26433.80", "5.848"], ["26433.70", "2.014"], ["26433.60", "0.020"], ["26433.50", "0.001"], ["26433.40", "0.001"]], "a": [["26433.90", "7.075"], ["26434.00", "0.025"], ["26434.10", "0.022"], ["26434.20", "0.380"], ["26434.30", "0.003"]]}
{"e": "depthUpdate", "E": 1685100834847, "T": 1685100834806, "s": "BTCUSDT", "U": 2882402304331, "u": 2882402314057, "pu": 2882402304182, "b": [["26433.80", "5.889"], ["26433.70", "2.014"], ["26433.60", "0.020"], ["26433.50", "0.001"], ["26433.40", "0.001"]], "a": [["26433.90", "7.576"], ["26434.00", "0.025"], ["26434.10", "0.022"], ["26434.20", "0.380"], ["26434.30", "0.003"]]}
{"e": "depthUpdate", "E": 1685100835354, "T": 1685100835340, "s": "BTCUSDT", "U": 2882402315103, "u": 2882402329040, "pu": 2882402314057, "b": [["26433.80", "5.987"], ["26433.70", "2.014"], ["26433.60", "0.020"], ["26433.50", "0.001"], ["26433.40", "0.001"]], "a": [["26433.90", "7.482"], ["26434.00", "0.025"], ["26434.10", "0.022"], ["26434.20", "0.380"], ["26434.30", "0.003"]]}
{"e": "depthUpdate", "E": 1685100835863, "T": 1685100835852, "s": "BTCUSDT", "U": 2882402329400, "u": 2882402342577, "pu": 2882402329040, "b": [["26433.80", "5.927"], ["26433.70", "2.014"], ["26433.60", "0.020"], ["26433.50", "0.001"], ["26433.40", "0.001"]], "a": [["26433.90", "7.645"], ["26434.00", "0.025"], ["26434.10", "0.022"], ["26434.20", "0.380"], ["26434.30", "0.003"]]}
{"e": "depthUpdate", "E": 1685100836387, "T": 1685100836377, "s": "BTCUSDT", "U": 2882402343225, "u": 2882402358216, "pu": 2882402342577, "b": [["26433.80", "9.113"], ["26433.70", "2.025"], ["26433.60", "0.032"], ["26433.50", "0.011"], ["26433.40", "0.011"]], "a": [["26433.90", "4.196"], ["26434.00", "0.025"], ["26434.10", "0.022"], ["26434.20", "0.380"], ["26434.30", "0.003"]]}
{"e": "depthUpdate", "E": 1685100836892, "T": 1685100836871, "s": "BTCUSDT", "U": 2882402358538, "u": 2882402369692, "pu": 2882402358216, "b": [["26433.80", "9.140"], ["26433.70", "2.025"], ["26433.60", "0.032"], ["26433.50", "0.011"], ["26433.40", "0.011"]], "a": [["26433.90", "4.192"], ["26434.00", "0.027"], ["26434.10", "0.022"], ["26434.20", "0.380"], ["26434.30", "0.003"]]}
{"e": "depthUpdate", "E": 1685100837402, "T": 1685100837377, "s": "BTCUSDT", "U": 2882402370256, "u": 2882402380635, "pu": 2882402369692, "b": [["26433.80", "10.320"], ["26433.70", "2.015"], ["26433.60", "0.032"], ["26433.50", "0.011"], ["26433.40", "0.011"]], "a": [["26433.90", "2.161"], ["26434.00", "0.027"], ["26434.10", "0.022"], ["26434.20", "0.380"], ["26434.30", "0.003"]]}
{"e": "depthUpdate", "E": 1685100837911, "T": 1685100837893, "s": "BTCUSDT", "U": 2882402381131, "u": 2882402394789, "pu": 2882402380635, "b": [["26433.80", "10.329"], ["26433.70", "2.025"], ["26433.60", "0.032"], ["26433.50", "0.011"], ["26433.40", "0.011"]], "a": [["26433.90", "1.806"], ["26434.00", "0.027"], ["26434.10", "0.022"], ["26434.20", "0.380"], ["26434.30", "0.003"]]}
{"e": "depthUpdate", "E": 1685100838440, "T": 1685100838433, "s": "BTCUSDT", "U": 2882402395842, "u": 2882402407856, "pu": 2882402394789, "b": [["26433.80", "10.283"], ["26433.70", "2.025"], ["26433.60", "0.032"], ["26433.50", "0.011"], ["26433.40", "0.011"]], "a": [["26433.90", "1.800"], ["26434.00", "0.027"], ["26434.10", "0.022"], ["26434.20", "0.380"], ["26434.30", "0.003"]]}
{"e": "depthUpdate", "E": 1685100838943, "T": 1685100838933, "s": "BTCUSDT", "U": 2882402407983, "u": 2882402419766, "pu": 2882402407856, "b": [["26433.80", "10.547"], ["26433.70", "2.015"], ["26433.60", "0.032"], ["26433.50", "0.011"], ["26433.40", "0.011"]], "a": [["26433.90", "1.798"], ["26434.00", "0.027"], ["26434.10", "0.022"], ["26434.20", "0.380"], ["26434.30", "0.003"]]}
{"e": "depthUpdate", "E": 1685100839448, "T": 1685100839442, "s": "BTCUSDT", "U": 2882402420051, "u": 2882402432827, "pu": 2882402419766, "b": [["26433.80", "11.312"], ["26433.70", "2.015"], ["26433.60", "0.032"], ["26433.50", "0.011"], ["26433.40", "0.011"]], "a": [["26433.90", "1.942"], ["26434.00", "0.027"], ["26434.10", "0.022"], ["26434.20", "0.380"], ["26434.30", "0.003"]]}
{"e": "depthUpdate", "E": 1685100839957, "T": 1685100839950, "s": "BTCUSDT", "U": 2882402433157, "u": 2882402457037, "pu": 2882402432827, "b": [["26434.20", "27.379"], ["26434.10", "1.516"], ["26434.00", "0.159"], ["26433.90", "0.507"], ["26433.80", "8.130"]], "a": [["26434.30", "0.017"], ["26434.40", "0.011"], ["26434.50", "0.007"], ["26434.60", "0.008"], ["26434.70", "0.946"]]}
{"e": "depthUpdate", "E": 1685100840464, "T": 1685100840448, "s": "BTCUSDT", "U": 2882402457283, "u": 2882402473429, "pu": 2882402457037, "b": [["26434.20", "28.458"], ["26434.10", "0.935"], ["26434.00", "0.159"], ["26433.90", "0.235"], ["26433.80", "7.364"]], "a": [["26434.30", "6.881"], ["26434.40", "0.012"], ["26434.50", "0.007"], ["26434.60", "0.008"], ["26434.70", "0.946"]]}
{"e": "depthUpdate", "E": 1685100840969, "T": 1685100840932, "s": "BTCUSDT", "U": 2882402473674, "u": 2882402484413, "pu": 2882402473429, "b": [["26434.20", "28.466"], ["26434.10", "0.928"], ["26434.00", "0.149"], ["26433.90", "0.225"], ["26433.80", "7.340"]], "a": [["26434.30", "6.881"], ["26434.40", "0.012"], ["26434.50", "0.007"], ["26434.60", "0.008"], ["26434.70", "0.946"]]}
{"e": "depthUpdate", "E": 1685100841479, "T": 1685100841446, "s": "BTCUSDT", "U": 2882402485375, "u": 2882402499838, "pu": 2882402484413, "b": [["26434.20", "27.370"], ["26434.10", "0.947"], ["26434.00", "0.149"], ["26433.90", "0.225"], ["26433.80", "7.325"]], "a": [["26434.30", "6.877"], ["26434.40", "0.012"], ["26434.50", "0.007"], ["26434.60", "0.008"], ["26434.70", "0.946"]]}
{"e": "depthUpdate", "E": 1685100841986, "T": 1685100841968, "s": "BTCUSDT", "U": 2882402500678, "u": 2882402515466, "pu": 2882402499838, "b": [["26434.20", "34.173"], ["26434.10", "0.947"], ["26434.00", "0.149"], ["26433.90", "0.709"], ["26433.80", "7.292"]], "a": [["26434.30", "6.900"], ["26434.40", "0.301"], ["26434.50", "0.007"], ["26434.60", "0.008"], ["26434.70", "0.946"]]}
{"e": "depthUpdate", "E": 1685100842514, "T": 1685100842495, "s": "BTCUSDT", "U": 2882402516367, "u": 2882402534754, "pu": 2882402515466, "b": [["26434.20", "35.270"], ["26434.10", "0.947"], ["26434.00", "0.149"], ["26433.90", "0.112"], ["26433.80", "7.292"]], "a": [["26434.30", "6.896"], ["26434.40", "0.302"], ["26434.50", "0.008"], ["26434.60", "0.008"], ["26434.70", "0.946"]]}
{"e": "depthUpdate", "E": 1685100843031, "T": 1685100842982, "s": "BTCUSDT", "U": 2882402535327, "u": 2882402547392, "pu": 2882402534754, "b": [["26434.20", "35.275"], ["26434.10", "0.947"], ["26434.00", "0.149"], ["26433.90", "0.122"], ["26433.80", "7.301"]], "a": [["26434.30", "6.896"], ["26434.40", "0.302"], ["26434.50", "0.008"], ["26434.60", "0.008"], ["26434.70", "0.946"]]}
{"e": "depthUpdate", "E": 1685100843539, "T": 1685100843513, "s": "BTCUSDT", "U": 2882402548077, "u": 2882402564432, "pu": 2882402547392, "b": [["26434.20", "35.124"], ["26434.10", "0.947"], ["26434.00", "0.149"], ["26433.90", "0.081"], ["26433.80", "7.286"]], "a": [["26434.30", "7.421"], ["26434.40", "0.302"], ["26434.50", "0.008"], ["26434.60", "0.008"], ["26434.70", "0.946"]]}
{"e": "depthUpdate", "E": 1685100844048, "T": 1685100844016, "s": "BTCUSDT", "U": 2882402565187, "u": 2882402577087, "pu": 2882402564432, "b": [["26434.20", "35.037"], ["26434.10", "0.595"], ["26434.00", "0.149"], ["26433.90", "0.081"], ["26433.80", "6.064"]], "a": [["26434.30", "7.420"], ["26434.40", "0.302"], ["26434.50", "0.008"], ["26434.60", "0.008"], ["26434.70", "0.946"]]}
{"e": "depthUpdate", "E": 1685100844552, "T": 1685100844546, "s": "BTCUSDT", "U": 2882402577757, "u": 2882402590449, "pu": 2882402577087, "b": [["26434.20", "30.365"], ["26434.10", "0.217"], ["26434.00", "0.149"], ["26433.90", "0.003"], ["26433.80", "5.178"]], "a": [["26434.30", "7.610"], ["26434.40", "0.302"], ["26434.50", "0.008"], ["26434.60", "0.008"], ["26434.70", "0.946"]]}
{"e": "depthUpdate", "E": 1685100845056, "T": 1685100845044, "s": "BTCUSDT", "U": 2882402590653, "u": 2882402602960, "pu": 2882402590449, "b": [["26434.20", "28.921"], ["26434.10", "0.217"], ["26434.00", "0.159"], ["26433.90", "0.013"], ["26433.80", "4.933"]], "a": [["26434.30", "8.439"], ["26434.40", "0.301"], ["26434.50", "0.387"], ["26434.60", "0.008"], ["26434.70", "0.946"]]}
{"e": "depthUpdate", "E": 1685100845566, "T": 1685100845557, "s": "BTCUSDT", "U": 2882402603543, "u": 2882402616534, "pu": 2882402602960, "b": [["26434.20", "29.138"], ["26434.10", "0.217"], ["26434.00", "0.149"], ["26433.90", "0.003"], ["26433.80", "4.932"]], "a": [["26434.30", "8.448"], ["26434.40", "0.301"], ["26434.50", "0.387"], ["26434.60", "0.009"], ["26434.70", "0.946"]]}
{"e": "depthUpdate", "E": 1685100846084, "T": 1685100846065, "s": "BTCUSDT", "U": 2882402616939, "u": 2882402627852, "pu": 2882402616534, "b": [["26434.20", "30.512"], ["26434.10", "0.227"], ["26434.00", "0.159"], ["26433.90", "0.034"], ["26433.80", "4.931"]], "a": [["26434.30", "8.253"], ["26434.40", "0.301"], ["26434.50", "0.387"], ["26434.60", "0.009"], ["26434.70", "0.946"]]}
{"e": "depthUpdate", "E": 1685100846618, "T": 1685100846596, "s": "BTCUSDT", "U": 2882402628766, "u": 2882402640092, "pu": 2882402627852, "b": [["26434.20", "30.789"], ["26434.10", "0.217"], ["26434.00", "0.149"], ["26433.90", "0.024"], ["26433.80", "4.931"]], "a": [["26434.30", "8.253"], ["26434.40", "0.301"], ["26434.50", "0.387"], ["26434.60", "0.009"], ["26434.70", "0.946"]]}
{"e": "depthUpdate", "E": 1685100847141, "T": 1685100847101, "s": "BTCUSDT", "U": 2882402640849, "u": 2882402657796, "pu": 2882402640092, "b": [["26434.20", "26.423"], ["26434.10", "0.967"], ["26434.00", "0.001"], ["26433.90", "0.024"], ["26433.80", "4.917"]], "a": [["26434.30", "8.279"], ["26434.40", "0.301"], ["26434.50", "0.387"], ["26434.60", "0.009"], ["26434.70", "0.946"]]}
{"e": "depthUpdate", "E": 1685100847647, "T": 1685100847635, "s": "BTCUSDT", "U": 2882402658687, "u": 2882402671017, "pu": 2882402657796, "b": [["26434.20", "26.014"], ["26434.10", "0.967"], ["26434.00", "0.001"], ["26433.90", "0.006"], ["26433.80", "4.914"]], "a": [["26434.30", "8.276"], ["26434.40", "0.301"], ["26434.50", "0.387"], ["26434.60", "0.009"], ["26434.70", "0.946"]]}
{"e": "depthUpdate", "E": 1685100848149, "T": 1685100848137, "s": "BTCUSDT", "U": 2882402671346, "u": 2882402681789, "pu": 2882402671017, "b": [["26434.20", "26.187"], ["26434.10", "0.967"], ["26434.00", "0.011"], ["26433.90", "0.014"], ["26433.80", "4.922"]], "a": [["26434.30", "8.948"], ["26434.40", "0.301"], ["26434.50", "0.387"], ["26434.60", "0.009"], ["26434.70", "0.946"]]}
{"e": "depthUpdate", "E": 1685100848664, "T": 1685100848643, "s": "BTCUSDT", "U": 2882402682207, "u": 2882402695070, "pu": 2882402681789, "b": [["26434.20", "26.236"], ["26434.10", "0.967"], ["26434.00", "0.002"], ["26433.90", "0.004"], ["26433.80", "4.912"]], "a": [["26434.30", "8.957"], ["26434.40", "0.301"], ["26434.50", "0.387"], ["26434.60", "0.009"], ["26434.70", "0.946"]]}
{"e": "depthUpdate", "E": 1685100849165, "T": 1685100849149, "s": "BTCUSDT", "U": 2882402695379, "u": 2882402707891, "pu": 2882402695070, "b": [["26434.20", "26.169"], ["26434.10", "0.967"], ["26434.00", "0.002"], ["26433.90", "0.004"], ["26433.80", "4.907"]], "a": [["26434.30", "8.963"], ["26434.40", "0.301"], ["26434.50", "0.387"], ["26434.60", "0.009"], ["26434.70", "0.946"]]}
{"e": "depthUpdate", "E": 1685100849673, "T": 1685100849657, "s": "BTCUSDT", "U": 2882402708207, "u": 2882402719187, "pu": 2882402707891, "b": [["26434.20", "25.402"], ["26434.10", "0.967"], ["26434.00", "0.502"], ["26433.90", "0.004"], ["26433.80", "4.905"]], "a": [["26434.30", "9.133"], ["26434.40", "0.301"], ["26434.50", "0.387"], ["26434.60", "0.009"], ["26434.70", "0.946"]]}
{"e": "depthUpdate", "E": 1685100850182, "T": 1685100850164, "s": "BTCUSDT", "U": 2882402719721, "u": 2882402732370, "pu": 2882402719187, "b": [["26434.20", "25.499"], ["26434.10", "0.967"], ["26434.00", "0.502"], ["26433.90", "0.004"], ["26433.80", "4.904"]], "a": [["26434.30", "9.170"], ["26434.40", "0.301"], ["26434.50", "0.387"], ["26434.60", "0.009"], ["26434.70", "0.946"]]}
{"e": "depthUpdate", "E": 1685100850687, "T": 1685100850672, "s": "BTCUSDT", "U": 2882402732779, "u": 2882402748989, "pu": 2882402732370, "b": [["26434.20", "24.533"], ["26434.10", "0.967"], ["26434.00", "0.502"], ["26433.90", "0.004"], ["26433.80", "4.904"]], "a": [["26434.30", "9.204"], ["26434.40", "0.301"], ["26434.50", "0.387"], ["26434.60", "0.009"], ["26434.70", "1.490"]]}
{"e": "depthUpdate", "E": 1685100851190, "T": 1685100851185, "s": "BTCUSDT", "U": 2882402749326, "u": 2882402763359, "pu": 2882402748989, "b": [["26434.20", "24.068"], ["26434.10", "0.948"], ["26434.00", "0.502"], ["26433.90", "0.004"], ["26433.80", "6.026"]], "a": [["26434.30", "8.636"], ["26434.40", "0.301"], ["26434.50", "0.387"], ["26434.60", "0.009"], ["26434.70", "1.490"]]}
{"e": "depthUpdate", "E": 1685100851702, "T": 1685100851691, "s": "BTCUSDT", "U": 2882402763768, "u": 2882402777786, "pu": 2882402763359, "b": [["26434.20", "24.210"], ["26434.10", "0.948"], ["26434.00", "0.502"], ["26433.90", "0.004"], ["26433.80", "6.026"]], "a": [["26434.30", "8.831"], ["26434.40", "0.284"], ["26434.50", "0.387"], ["26434.60", "0.009"], ["26434.70", "1.490"]]}
{"e": "depthUpdate", "E": 1685100852207, "T": 1685100852197, "s": "BTCUSDT", "U": 2882402778096, "u": 2882402791773, "pu": 2882402777786, "b": [["26434.20", "24.205"], ["26434.10", "0.948"], ["26434.00", "0.502"], ["26433.90", "0.004"], ["26433.80", "6.026"]], "a": [["26434.30", "8.752"], ["26434.40", "0.284"], ["26434.50", "0.387"], ["26434.60", "0.009"], ["26434.70", "1.490"]]}
{"e": "depthUpdate", "E": 1685100852720, "T": 1685100852715, "s": "BTCUSDT", "U": 2882402792034, "u": 2882402803267, "pu": 2882402791773, "b": [["26434.20", "24.027"], ["26434.10", "0.948"], ["26434.00", "0.502"], ["26433.90", "0.004"], ["26433.80", "6.036"]], "a": [["26434.30", "8.779"], ["26434.40", "0.284"], ["26434.50", "0.387"], ["26434.60", "0.009"], ["26434.70", "1.490"]]}
{"e": "depthUpdate", "E": 1685100853220, "T": 1685100853202, "s": "BTCUSDT", "U": 2882402803297, "u": 2882402813365, "pu": 2882402803267, "b": [["26434.20", "23.323"], ["26434.10", "0.948"], ["26434.00", "0.880"], ["26433.90", "0.004"], ["26433.80", "6.196"]], "a": [["26434.30", "8.767"], ["26434.40", "0.284"], ["26434.50", "0.009"], ["26434.60", "0.009"], ["26434.70", "1.490"]]}
{"e": "depthUpdate", "E": 1685100853721, "T": 1685100853710, "s": "BTCUSDT", "U": 2882402813766, "u": 2882402826987, "pu": 2882402813365, "b": [["26434.20", "23.491"], ["26434.10", "0.948"], ["26434.00", "0.880"], ["26433.90", "0.174"], ["26433.80", "6.036"]], "a": [["26434.30", "8.290"], ["26434.40", "0.284"], ["26434.50", "0.012"], ["26434.60", "0.387"], ["26434.70", "1.490"]]}
{"e": "depthUpdate", "E": 1685100854235, "T": 1685100854216, "s": "BTCUSDT", "U": 2882402827358, "u": 2882402840745, "pu": 2882402826987, "b": [["26434.20", "23.497"], ["26434.10", "0.958"], ["26434.00", "0.881"], ["26433.90", "0.004"], ["26433.80", "6.340"]], "a": [["26434.30", "9.474"], ["26434.40", "0.284"], ["26434.50", "0.013"], ["26434.60", "0.387"], ["26434.70", "1.491"]]}
{"e": "depthUpdate", "E": 1685100854742, "T": 1685100854736, "s": "BTCUSDT", "U": 2882402841290, "u": 2882402862768, "pu": 2882402840745, "b": [["26434.20", "22.964"], ["26434.10", "0.948"], ["26434.00", "0.503"], ["26433.90", "0.004"], ["26433.80", "6.026"]], "a": [["26434.30", "9.546"], ["26434.40", "0.284"], ["26434.50", "0.013"], ["26434.60", "0.387"], ["26434.70", "1.491"]]}
{"e": "depthUpdate", "E": 1685100855245, "T": 1685100855232, "s": "BTCUSDT", "U": 2882402862962, "u": 2882402885231, "pu": 2882402862768, "b": [["26434.20", "22.750"], ["26434.10", "0.948"], ["26434.00", "0.503"], ["26433.90", "0.004"], ["26433.80", "6.026"]], "a": [["26434.30", "9.452"], ["26434.40", "0.284"], ["26434.50", "0.013"], ["26434.60", "0.387"], ["26434.70", "1.491"]]}
{"e": "depthUpdate", "E": 1685100855754, "T": 1685100855737, "s": "BTCUSDT", "U": 2882402885902, "u": 2882402901984, "pu": 2882402885231, "b": [["26434.20", "22.779"], ["26434.10", "0.948"], ["26434.00", "0.503"], ["26433.90", "0.004"], ["26433.80", "6.006"]], "a": [["26434.30", "9.484"], ["26434.40", "0.284"], ["26434.50", "0.013"], ["26434.60", "0.387"], ["26434.70", "1.491"]]}
{"e": "depthUpdate", "E": 1685100856258, "T": 1685100856228, "s": "BTCUSDT", "U": 2882402902501, "u": 2882402915358, "pu": 2882402901984, "b": [["26434.20", "22.777"], ["26434.10", "0.958"], ["26434.00", "0.513"], ["26433.90", "0.014"], ["26433.80", "6.006"]], "a": [["26434.30", "9.316"], ["26434.40", "0.284"], ["26434.50", "0.013"], ["26434.60", "0.387"], ["26434.70", "1.491"]]}
{"e": "depthUpdate", "E": 1685100856766, "T": 1685100856754, "s": "BTCUSDT", "U": 2882402917155, "u": 2882402929616, "pu": 2882402915358, "b": [["26434.20", "22.670"], ["26434.10", "0.948"], ["26434.00", "0.503"], ["26433.90", "0.004"], ["26433.80", "5.994"]], "a": [["26434.30", "10.589"], ["26434.40", "0.294"], ["26434.50", "0.023"], ["26434.60", "0.397"], ["26434.70", "1.501"]]}
{"e": "depthUpdate", "E": 1685100857273, "T": 1685100857262, "s": "BTCUSDT", "U": 2882402929929, "u": 2882402942174, "pu": 2882402929616, "b": [["26434.20", "22.631"], ["26434.10", "0.948"], ["26434.00", "0.503"], ["26433.90", "0.004"], ["26433.80", "5.994"]], "a": [["26434.30", "9.600"], ["26434.40", "0.284"], ["26434.50", "0.013"], ["26434.60", "0.387"], ["26434.70", "1.491"]]}
{"e": "depthUpdate", "E": 1685100857779, "T": 1685100857774, "s": "BTCUSDT", "U": 2882402942676, "u": 2882402955381, "pu": 2882402942174, "b": [["26434.20", "22.540"], ["26434.10", "0.948"], ["26434.00", "0.503"], ["26433.90", "0.004"], ["26433.80", "5.994"]], "a": [["26434.30", "9.503"], ["26434.40", "0.284"], ["26434.50", "0.013"], ["26434.60", "0.387"], ["26434.70", "1.491"]]}
{"e": "depthUpdate", "E": 1685100858287, "T": 1685100858269, "s": "BTCUSDT", "U": 2882402955566, "u": 2882402967005, "pu": 2882402955381, "b": [["26434.20", "21.758"], ["26434.10", "0.948"], ["26434.00", "0.503"], ["26433.90", "0.004"], ["26433.80", "5.994"]], "a": [["26434.30", "10.767"], ["26434.40", "0.284"], ["26434.50", "0.013"], ["26434.60", "0.387"], ["26434.70", "1.491"]]}
{"e": "depthUpdate", "E": 1685100858796, "T": 1685100858777, "s": "BTCUSDT", "U": 2882402967433, "u": 2882402977357, "pu": 2882402967005, "b": [["26434.20", "22.239"], ["26434.10", "0.948"], ["26434.00", "0.003"], ["26433.90", "0.004"], ["26433.80", "5.994"]], "a": [["26434.30", "9.568"], ["26434.40", "0.284"], ["26434.50", "0.013"], ["26434.60", "0.387"], ["26434.70", "1.491"]]}
{"e": "depthUpdate", "E": 1685100859300, "T": 1685100859291, "s": "BTCUSDT", "U": 2882402977664, "u": 2882402990854, "pu": 2882402977357, "b": [["26434.20", "22.221"], ["26434.10", "0.948"], ["26434.00", "0.003"], ["26433.90", "0.004"], ["26433.80", "5.994"]], "a": [["26434.30", "9.564"], ["26434.40", "0.284"], ["26434.50", "0.013"], ["26434.60", "0.387"], ["26434.70", "1.491"]]}
{"e": "depthUpdate", "E": 1685100859809, "T": 1685100859800, "s": "BTCUSDT", "U": 2882402991176, "u": 2882403003794, "pu": 2882402990854, "b": [["26434.20", "22.070"], ["26434.10", "0.948"], ["26434.00", "0.003"], ["26433.90", "0.004"], ["26433.80", "6.004"]], "a": [["26434.30", "8.014"], ["26434.40", "0.284"], ["26434.50", "0.013"], ["26434.60", "0.387"], ["26434.70", "1.491"]]}
{"e": "depthUpdate", "E": 1685100860318, "T": 1685100860303, "s": "BTCUSDT", "U": 2882403004055, "u": 2882403016241, "pu": 2882403003794, "b": [["26434.20", "22.056"], ["26434.10", "0.948"], ["26434.00", "0.004"], ["26433.90", "0.004"], ["26433.80", "6.004"]], "a": [["26434.30", "8.213"], ["26434.40", "0.284"], ["26434.50", "0.013"], ["26434.60", "0.387"], ["26434.70", "1.491"]]}
{"e": "depthUpdate", "E": 1685100860825, "T": 1685100860804, "s": "BTCUSDT", "U": 2882403016798, "u": 2882403027454, "pu": 2882403016241, "b": [["26434.20", "23.641"], ["26434.10", "0.948"], ["26434.00", "0.004"], ["26433.90", "0.004"], ["26433.80", "6.004"]], "a": [["26434.30", "8.013"], ["26434.40", "0.284"], ["26434.50", "0.013"], ["26434.60", "0.387"], ["26434.70", "1.491"]]}
{"e": "depthUpdate", "E": 1685100861346, "T": 1685100861340, "s": "BTCUSDT", "U": 2882403028306, "u": 2882403043532, "pu": 2882403027454, "b": [["26434.20", "22.846"], ["26434.10", "0.948"], ["26434.00", "0.004"], ["26433.90", "0.004"], ["26433.80", "6.004"]], "a": [["26434.30", "7.977"], ["26434.40", "0.284"], ["26434.50", "0.013"], ["26434.60", "0.387"], ["26434.70", "1.491"]]}
{"e": "depthUpdate", "E": 1685100861861, "T": 1685100861827, "s": "BTCUSDT", "U": 2882403043825, "u": 2882403055029, "pu": 2882403043532, "b": [["26434.20", "22.853"], ["26434.10", "0.958"], ["26434.00", "0.014"], ["26433.90", "0.014"], ["26433.80", "6.004"]], "a": [["26434.30", "7.981"], ["26434.40", "0.156"], ["26434.50", "0.013"], ["26434.60", "0.387"], ["26434.70", "1.491"]]}
{"e": "depthUpdate", "E": 1685100862364, "T": 1685100862348, "s": "BTCUSDT", "U": 2882403055679, "u": 2882403068497, "pu": 2882403055029, "b": [["26434.20", "22.793"], ["26434.10", "0.948"], ["26434.00", "0.004"], ["26433.90", "0.004"], ["26433.80", "5.992"]], "a": [["26434.30", "9.315"], ["26434.40", "0.157"], ["26434.50", "0.013"], ["26434.60", "0.387"], ["26434.70", "1.491"]]}
{"e": "depthUpdate", "E": 1685100862865, "T": 1685100862853, "s": "BTCUSDT", "U": 2882403068711, "u": 2882403078944, "pu": 2882403068497, "b": [["26434.20", "22.246"], ["26434.10", "0.948"], ["26434.00", "0.004"], ["26433.90", "0.004"], ["26433.80", "5.992"]], "a": [["26434.30", "11.584"], ["26434.40", "0.158"], ["26434.50", "0.013"], ["26434.60", "0.387"], ["26434.70", "1.492"]]}
{"e": "depthUpdate", "E": 1685100863400, "T": 1685100863390, "s": "BTCUSDT", "U": 2882403079663, "u": 2882403091711, "pu": 2882403078944, "b": [["26434.20", "18.880"], ["26434.10", "0.947"], ["26434.00", "0.044"], ["26433.90", "0.004"], ["26433.80", "5.990"]], "a": [["26434.30", "12.597"], ["26434.40", "0.168"], ["26434.50", "0.023"], ["26434.60", "0.397"], ["26434.70", "1.502"]]}
{"e": "depthUpdate", "E": 1685100863908, "T": 1685100863896, "s": "BTCUSDT", "U": 2882403091964, "u": 2882403102264, "pu": 2882403091711, "b": [["26434.20", "19.266"], ["26434.10", "0.941"], ["26434.00", "0.004"], ["26433.90", "0.004"], ["26433.80", "5.990"]], "a": [["26434.30", "11.462"], ["26434.40", "0.158"], ["26434.50", "0.013"], ["26434.60", "0.387"], ["26434.70", "1.492"]]}
{"e": "depthUpdate", "E": 1685100864418, "T": 1685100864397, "s": "BTCUSDT", "U": 2882403102499, "u": 2882403113646, "pu": 2882403102264, "b": [["26434.20", "19.246"], ["26434.10", "0.941"], ["26434.00", "0.164"], ["26433.90", "0.004"], ["26433.80", "5.990"]], "a": [["26434.30", "11.084"], ["26434.40", "0.158"], ["26434.50", "0.013"], ["26434.60", "0.387"], ["26434.70", "1.492"]]}
{"e": "depthUpdate", "E": 1685100864919, "T": 1685100864880, "s": "BTCUSDT", "U": 2882403114215, "u": 2882403124677, "pu": 2882403113646, "b": [["26434.20", "19.257"], ["26434.10", "0.951"], ["26434.00", "0.174"], ["26433.90", "0.014"], ["26433.80", "6.000"]], "a": [["26434.30", "10.083"], ["26434.40", "0.158"], ["26434.50", "0.013"], ["26434.60", "0.387"], ["26434.70", "1.492"]]}
{"e": "depthUpdate", "E": 1685100865424, "T": 1685100865386, "s": "BTCUSDT", "U": 2882403125441, "u": 2882403138551, "pu": 2882403124677, "b": [["26434.20", "19.244"], ["26434.10", "0.941"], ["26434.00", "0.164"], ["26433.90", "0.004"], ["26433.80", "5.990"]], "a": [["26434.30", "10.084"], ["26434.40", "0.158"], ["26434.50", "0.013"], ["26434.60", "0.387"], ["26434.70", "1.492"]]}
{"e": "depthUpdate", "E": 1685100865928, "T": 1685100865916, "s": "BTCUSDT", "U": 2882403139413, "u": 2882403151131, "pu": 2882403138551, "b": [["26434.20", "15.734"], ["26434.10", "0.941"], ["26434.00", "0.164"], ["26433.90", "0.004"], ["26433.80", "5.990"]], "a": [["26434.30", "10.082"], ["26434.40", "0.158"], ["26434.50", "0.013"], ["26434.60", "0.387"], ["26434.70", "1.492"]]}
{"e": "depthUpdate", "E": 1685100866439, "T": 1685100866420, "s": "BTCUSDT", "U": 2882403151506, "u": 2882403162723, "pu": 2882403151131, "b": [["26434.20", "15.742"], ["26434.10", "0.941"], ["26434.00", "0.165"], ["26433.90", "0.004"], ["26433.80", "5.990"]], "a": [["26434.30", "10.080"], ["26434.40", "0.158"], ["26434.50", "0.013"], ["26434.60", "0.387"], ["26434.70", "1.492"]]}
{"e": "depthUpdate", "E": 1685100866967, "T": 1685100866927, "s": "BTCUSDT", "U": 2882403163576, "u": 2882403174025, "pu": 2882403162723, "b": [["26434.20", "15.756"], ["26434.10", "0.942"], ["26434.00", "0.165"], ["26433.90", "0.004"], ["26433.80", "6.000"]], "a": [["26434.30", "10.274"], ["26434.40", "0.158"], ["26434.50", "0.013"], ["26434.60", "0.387"], ["26434.70", "0.553"]]}
{"e": "depthUpdate", "E": 1685100867476, "T": 1685100867469, "s": "BTCUSDT", "U": 2882403174824, "u": 2882403186720, "pu": 2882403174025, "b": [["26434.20", "15.766"], ["26434.10", "0.942"], ["26434.00", "0.165"], ["26433.90", "0.014"], ["26433.80", "6.000"]], "a": [["26434.30", "9.189"], ["26434.40", "0.158"], ["26434.50", "0.378"], ["26434.60", "0.387"], ["26434.70", "0.007"]]}
{"e": "depthUpdate", "E": 1685100867977, "T": 1685100867942, "s": "BTCUSDT", "U": 2882403186799, "u": 2882403195974, "pu": 2882403186720, "b": [["26434.20", "15.778"], ["26434.10", "0.942"], ["26434.00", "0.165"], ["26433.90", "0.004"], ["26433.80", "5.990"]], "a": [["26434.30", "9.311"], ["26434.40", "0.158"], ["26434.50", "0.380"], ["26434.60", "0.388"], ["26434.70", "0.008"]]}
{"e": "depthUpdate", "E": 1685100868488, "T": 1685100868471, "s": "BTCUSDT", "U": 2882403196715, "u": 2882403208914, "pu": 2882403195974, "b": [["26434.20", "15.794"], ["26434.10", "0.942"], ["26434.00", "0.005"], ["26433.90", "0.004"], ["26433.80", "6.000"]], "a": [["26434.30", "9.314"], ["26434.40", "0.158"], ["26434.50", "0.380"], ["26434.60", "0.388"], ["26434.70", "0.008"]]}
{"e": "depthUpdate", "E": 1685100868992, "T": 1685100868977, "s": "BTCUSDT", "U": 2882403209320, "u": 2882403218734, "pu": 2882403208914, "b": [["26434.20", "15.817"], ["26434.10", "0.942"], ["26434.00", "0.005"], ["26433.90", "0.004"], ["26433.80", "5.990"]], "a": [["26434.30", "9.329"], ["26434.40", "0.158"], ["26434.50", "0.380"], ["26434.60", "0.388"], ["26434.70", "0.008"]]}
{"e": "depthUpdate", "E": 1685100869503, "T": 1685100869487, "s": "BTCUSDT", "U": 2882403219201, "u": 2882403230270, "pu": 2882403218734, "b": [["26434.20", "15.715"], ["26434.10", "0.942"], ["26434.00", "0.005"], ["26433.90", "0.004"], ["26433.80", "5.990"]], "a": [["26434.30", "9.319"], ["26434.40", "0.158"], ["26434.50", "0.642"], ["26434.60", "0.388"], ["26434.70", "0.006"]]}
{"e": "depthUpdate", "E": 1685100870012, "T": 1685100869993, "s": "BTCUSDT", "U": 2882403230613, "u": 2882403241511, "pu": 2882403230270, "b": [["26434.20", "15.660"], ["26434.10", "0.942"], ["26434.00", "0.005"], ["26433.90", "0.014"], ["26433.80", "6.000"]], "a": [["26434.30", "8.786"], ["26434.40", "0.158"], ["26434.50", "0.642"], ["26434.60", "0.387"], ["26434.70", "0.007"]]}
{"e": "depthUpdate", "E": 1685100870527, "T": 1685100870522, "s": "BTCUSDT", "U": 2882403241901, "u": 2882403254802, "pu": 2882403241511, "b": [["26434.20", "15.669"], ["26434.10", "0.942"], ["26434.00", "0.005"], ["26433.90", "0.004"], ["26433.80", "5.990"]], "a": [["26434.30", "9.240"], ["26434.40", "0.158"], ["26434.50", "0.641"], ["26434.60", "0.386"], ["26434.70", "0.007"]]}
{"e": "depthUpdate", "E": 1685100871067, "T": 1685100871061, "s": "BTCUSDT", "U": 2882403255873, "u": 2882403268330, "pu": 2882403254802, "b": [["26434.20", "14.904"], ["26434.10", "0.942"], ["26434.00", "0.005"], ["26433.90", "0.023"], ["26433.80", "5.990"]], "a": [["26434.30", "10.326"], ["26434.40", "0.168"], ["26434.50", "0.651"], ["26434.60", "0.396"], ["26434.70", "0.017"]]}
{"e": "depthUpdate", "E": 1685100871567, "T": 1685100871554, "s": "BTCUSDT", "U": 2882403268425, "u": 2882403281401, "pu": 2882403268330, "b": [["26434.20", "14.893"], ["26434.10", "0.942"], ["26434.00", "0.005"], ["26433.90", "0.023"], ["26433.80", "6.023"]], "a": [["26434.30", "10.126"], ["26434.40", "0.183"], ["26434.50", "0.641"], ["26434.60", "0.386"], ["26434.70", "0.007"]]}
{"e": "depthUpdate", "E": 1685100872073, "T": 1685100872062, "s": "BTCUSDT", "U": 2882403281780, "u": 2882403293599, "pu": 2882403281401, "b": [["26434.20", "14.822"], ["26434.10", "0.942"], ["26434.00", "0.005"], ["26433.90", "0.033"], ["26433.80", "6.033"]], "a": [["26434.30", "10.145"], ["26434.40", "0.040"], ["26434.50", "0.641"], ["26434.60", "0.386"], ["26434.70", "0.007"]]}
{"e": "depthUpdate", "E": 1685100872573, "T": 1685100872569, "s": "BTCUSDT", "U": 2882403293815, "u": 2882403307086, "pu": 2882403293599, "b": [["26434.20", "16.129"], ["26434.10", "0.942"], ["26434.00", "0.005"], ["26433.90", "0.023"], ["26433.80", "6.033"]], "a": [["26434.30", "7.761"], ["26434.40", "0.040"], ["26434.50", "0.641"], ["26434.60", "0.387"], ["26434.70", "0.007"]]}
{"e": "depthUpdate", "E": 1685100873077, "T": 1685100873054, "s": "BTCUSDT", "U": 2882403307232, "u": 2882403317788, "pu": 2882403307086, "b": [["26434.20", "14.323"], ["26434.10", "0.942"], ["26434.00", "0.005"], ["26433.90", "0.023"], ["26433.80", "5.983"]], "a": [["26434.30", "8.704"], ["26434.40", "0.040"], ["26434.50", "0.641"], ["26434.60", "0.387"], ["26434.70", "0.007"]]}
{"e": "depthUpdate", "E": 1685100873577, "T": 1685100873561, "s": "BTCUSDT", "U": 2882403318257, "u": 2882403329385, "pu": 2882403317788, "b": [["26434.20", "14.589"], ["26434.10", "0.942"], ["26434.00", "0.005"], ["26433.90", "0.023"], ["26433.80", "5.983"]], "a": [["26434.30", "9.217"], ["26434.40", "0.050"], ["26434.50", "0.651"], ["26434.60", "0.397"], ["26434.70", "0.017"]]}
{"e": "depthUpdate", "E": 1685100874081, "T": 1685100874069, "s": "BTCUSDT", "U": 2882403329683, "u": 2882403339826, "pu": 2882403329385, "b": [["26434.20", "15.591"], ["26434.10", "0.942"], ["26434.00", "0.005"], ["26433.90", "0.401"], ["26433.80", "5.993"]], "a": [["26434.30", "9.215"], ["26434.40", "0.040"], ["26434.50", "0.641"], ["26434.60", "0.387"], ["26434.70", "0.007"]]}
{"e": "depthUpdate", "E": 1685100874592, "T": 1685100874585, "s": "BTCUSDT", "U": 2882403340235, "u": 2882403352106, "pu": 2882403339826, "b": [["26434.20", "15.303"], ["26434.10", "0.942"], ["26434.00", "0.005"], ["26433.90", "0.401"], ["26433.80", "5.983"]], "a": [["26434.30", "9.217"], ["26434.40", "0.040"], ["26434.50", "0.641"], ["26434.60", "0.387"], ["26434.70", "0.007"]]}
{"e": "depthUpdate", "E": 1685100875100, "T": 1685100875095, "s": "BTCUSDT", "U": 2882403352419, "u": 2882403365126, "pu": 2882403352106, "b": [["26434.20", "14.667"], ["26434.10", "0.942"], ["26434.00", "0.165"], ["26433.90", "0.401"], ["26433.80", "5.983"]], "a": [["26434.30", "9.212"], ["26434.40", "0.040"], ["26434.50", "0.641"], ["26434.60", "0.387"], ["26434.70", "0.007"]]}
{"e": "depthUpdate", "E": 1685100875600, "T": 1685100875587, "s": "BTCUSDT", "U": 2882403365139, "u": 2882403377621, "pu": 2882403365126, "b": [["26434.20", "15.289"], ["26434.10", "0.942"], ["26434.00", "0.005"], ["26433.90", "0.023"], ["26433.80", "5.983"]], "a": [["26434.30", "9.214"], ["26434.40", "0.040"], ["26434.50", "0.641"], ["26434.60", "0.387"], ["26434.70", "0.007"]]}
{"e": "depthUpdate", "E": 1685100876120, "T": 1685100876100, "s": "BTCUSDT", "U": 2882403378076, "u": 2882403390576, "pu": 2882403377621, "b": [["26434.20", "13.568"], ["26434.10", "0.942"], ["26434.00", "0.165"], ["26433.90", "0.023"], ["26433.80", "5.983"]], "a": [["26434.30", "9.225"], ["26434.40", "0.040"], ["26434.50", "0.641"], ["26434.60", "0.387"], ["26434.70", "0.007"]]}
{"e": "depthUpdate", "E": 1685100876620, "T": 1685100876601, "s": "BTCUSDT", "U": 2882403390958, "u": 2882403405684, "pu": 2882403390576, "b": [["26434.20", "12.891"], ["26434.10", "0.942"], ["26434.00", "0.165"], ["26433.90", "0.023"], ["26433.80", "5.983"]], "a": [["26434.30", "10.233"], ["26434.40", "0.040"], ["26434.50", "0.641"], ["26434.60", "0.387"], ["26434.70", "0.007"]]}
{"e": "depthUpdate", "E": 1685100877126, "T": 1685100877118, "s": "BTCUSDT", "U": 2882403406125, "u": 2882403420346, "pu": 2882403405684, "b": [["26434.20", "12.888"], ["26434.10", "0.942"], ["26434.00", "0.165"], ["26433.90", "0.023"], ["26433.80", "4.771"]], "a": [["26434.30", "10.264"], ["26434.40", "0.040"], ["26434.50", "0.641"], ["26434.60", "0.387"], ["26434.70", "0.007"]]}
{"e": "depthUpdate", "E": 1685100877631, "T": 1685100877613, "s": "BTCUSDT", "U": 2882403420572, "u": 2882403431587, "pu": 2882403420346, "b": [["26434.20", "13.031"], ["26434.10", "0.942"], ["26434.00", "0.005"], ["26433.90", "0.023"], ["26433.80", "4.771"]], "a": [["26434.30", "9.180"], ["26434.40", "0.040"], ["26434.50", "0.640"], ["26434.60", "0.385"], ["26434.70", "0.007"]]}
{"e": "depthUpdate", "E": 1685100878138, "T": 1685100878119, "s": "BTCUSDT", "U": 2882403432013, "u": 2882403441699, "pu": 2882403431587, "b": [["26434.20", "13.090"], ["26434.10", "0.952"], ["26434.00", "0.015"], ["26433.90", "0.033"], ["26433.80", "4.781"]], "a": [["26434.30", "8.947"], ["26434.40", "0.040"], ["26434.50", "0.640"], ["26434.60", "0.385"], ["26434.70", "0.007"]]}
{"e": "depthUpdate", "E": 1685100878647, "T": 1685100878628, "s": "BTCUSDT", "U": 2882403442168, "u": 2882403453937, "pu": 2882403441699, "b": [["26434.20", "13.085"], ["26434.10", "0.942"], ["26434.00", "0.005"], ["26433.90", "0.023"], ["26433.80", "4.771"]], "a": [["26434.30", "8.957"], ["26434.40", "0.040"], ["26434.50", "0.639"], ["26434.60", "0.382"], ["26434.70", "0.007"]]}
{"e": "depthUpdate", "E": 1685100879153, "T": 1685100879135, "s": "BTCUSDT", "U": 2882403454366, "u": 2882403466185, "pu": 2882403453937, "b": [["26434.20", "13.064"], ["26434.10", "0.952"], ["26434.00", "0.015"], ["26433.90", "0.033"], ["26433.80", "4.781"]], "a": [["26434.30", "8.574"], ["26434.40", "0.040"], ["26434.50", "0.375"], ["26434.60", "0.382"], ["26434.70", "0.006"]]}
{"e": "depthUpdate", "E": 1685100879661, "T": 1685100879650, "s": "BTCUSDT", "U": 2882403466721, "u": 2882403478696, "pu": 2882403466185, "b": [["26434.20", "12.810"], ["26434.10", "0.942"], ["26434.00", "0.005"], ["26433.90", "0.023"], ["26433.80", "4.771"]], "a": [["26434.30", "11.990"], ["26434.40", "0.050"], ["26434.50", "0.627"], ["26434.60", "0.392"], ["26434.70", "0.017"]]}
{"e": "depthUpdate", "E": 1685100880162, "T": 1685100880127, "s": "BTCUSDT", "U": 2882403478851, "u": 2882403491125, "pu": 2882403478696, "b": [["26434.20", "12.792"], ["26434.10", "0.942"], ["26434.00", "0.005"], ["26433.90", "0.023"], ["26433.80", "4.771"]], "a": [["26434.30", "8.975"], ["26434.40", "0.040"], ["26434.50", "0.617"], ["26434.60", "0.382"], ["26434.70", "0.007"]]}
{"e": "depthUpdate", "E": 1685100880673, "T": 1685100880633, "s": "BTCUSDT", "U": 2882403492279, "u": 2882403504745, "pu": 2882403491125, "b": [["26434.20", "15.581"], ["26434.10", "0.942"], ["26434.00", "0.005"], ["26433.90", "0.033"], ["26433.80", "5.159"]], "a": [["26434.30", "9.790"], ["26434.40", "0.040"], ["26434.50", "0.375"], ["26434.60", "0.382"], ["26434.70", "0.007"]]}
{"e": "depthUpdate", "E": 1685100881179, "T": 1685100881139, "s": "BTCUSDT", "U": 2882403505683, "u": 2882403519717, "pu": 2882403504745, "b": [["26434.20", "16.816"], ["26434.10", "0.952"], ["26434.00", "0.182"], ["26433.90", "0.014"], ["26433.80", "5.159"]], "a": [["26434.30", "3.340"], ["26434.40", "0.040"], ["26434.50", "0.375"], ["26434.60", "0.382"], ["26434.70", "0.007"]]}
{"e": "depthUpdate", "E": 1685100881685, "T": 1685100881668, "s": "BTCUSDT", "U": 2882403520607, "u": 2882403532218, "pu": 2882403519717, "b": [["26434.20", "16.059"], ["26434.10", "0.942"], ["26434.00", "0.172"], ["26433.90", "0.014"], ["26433.80", "5.159"]], "a": [["26434.30", "5.159"], ["26434.40", "0.040"], ["26434.50", "0.374"], ["26434.60", "0.382"], ["26434.70", "0.006"]]}
{"e": "depthUpdate", "E": 1685100882197, "T": 1685100882175, "s": "BTCUSDT", "U": 2882403532937, "u": 2882403544535, "pu": 2882403532218, "b": [["26434.20", "16.063"], ["26434.10", "0.952"], ["26434.00", "0.182"], ["26433.90", "0.014"], ["26433.80", "5.159"]], "a": [["26434.30", "5.815"], ["26434.40", "0.040"], ["26434.50", "0.374"], ["26434.60", "0.382"], ["26434.70", "0.006"]]}
{"e": "depthUpdate", "E": 1685100882716, "T": 1685100882702, "s": "BTCUSDT", "U": 2882403545249, "u": 2882403559597, "pu": 2882403544535, "b": [["26434.20", "16.839"], ["26434.10", "0.942"], ["26434.00", "0.172"], ["26433.90", "0.014"], ["26433.80", "5.159"]], "a": [["26434.30", "2.924"], ["26434.40", "0.040"], ["26434.50", "0.374"], ["26434.60", "0.004"], ["26434.70", "0.006"]]}
{"e": "depthUpdate", "E": 1685100883218, "T": 1685100883210, "s": "BTCUSDT", "U": 2882403559929, "u": 2882403573419, "pu": 2882403559597, "b": [["26434.20", "16.869"], ["26434.10", "0.942"], ["26434.00", "0.172"], ["26433.90", "0.004"], ["26433.80", "5.159"]], "a": [["26434.30", "2.799"], ["26434.40", "0.040"], ["26434.50", "0.374"], ["26434.60", "0.005"], ["26434.70", "0.006"]]}
{"e": "depthUpdate", "E": 1685100883722, "T": 1685100883716, "s": "BTCUSDT", "U": 2882403573624, "u": 2882403583793, "pu": 2882403573419, "b": [["26434.20", "16.833"], ["26434.10", "0.942"], ["26434.00", "0.182"], ["26433.90", "0.014"], ["26433.80", "5.159"]], "a": [["26434.30", "2.843"], ["26434.40", "0.040"], ["26434.50", "0.374"], ["26434.60", "0.006"], ["26434.70", "0.006"]]}
{"e": "depthUpdate", "E": 1685100884223, "T": 1685100884200, "s": "BTCUSDT", "U": 2882403583811, "u": 2882403594506, "pu": 2882403583793, "b": [["26434.20", "17.304"], ["26434.10", "0.942"], ["26434.00", "0.182"], ["26433.90", "0.014"], ["26433.80", "5.159"]], "a": [["26434.30", "2.795"], ["26434.40", "0.040"], ["26434.50", "0.374"], ["26434.60", "0.006"], ["26434.70", "0.006"]]}
{"e": "depthUpdate", "E": 1685100884725, "T": 1685100884719, "s": "BTCUSDT", "U": 2882403594950, "u": 2882403606299, "pu": 2882403594506, "b": [["26434.20", "17.338"], ["26434.10", "0.942"], ["26434.00", "0.172"], ["26433.90", "0.004"], ["26433.80", "5.159"]], "a": [["26434.30", "2.865"], ["26434.40", "0.040"], ["26434.50", "0.374"], ["26434.60", "0.006"], ["26434.70", "0.006"]]}
{"e": "depthUpdate", "E": 1685100885228, "T": 1685100885216, "s": "BTCUSDT", "U": 2882403606410, "u": 2882403617812, "pu": 2882403606299, "b": [["26434.20", "17.338"], ["26434.10", "0.942"], ["26434.00", "0.182"], ["26433.90", "0.014"], ["26433.80", "5.159"]], "a": [["26434.30", "2.844"], ["26434.40", "0.039"], ["26434.50", "0.374"], ["26434.60", "0.006"], ["26434.70", "0.006"]]}
{"e": "depthUpdate", "E": 1685100885728, "T": 1685100885723, "s": "BTCUSDT", "U": 2882403617981, "u": 2882403629690, "pu": 2882403617812, "b": [["26434.20", "17.321"], ["26434.10", "0.942"], ["26434.00", "0.172"], ["26433.90", "0.004"], ["26433.80", "5.149"]], "a": [["26434.30", "3.556"], ["26434.40", "0.039"], ["26434.50", "0.374"], ["26434.60", "0.006"], ["26434.70", "0.006"]]}
{"e": "depthUpdate", "E": 1685100886248, "T": 1685100886228, "s": "BTCUSDT", "U": 2882403630057, "u": 2882403641540, "pu": 2882403629690, "b": [["26434.20", "17.310"], ["26434.10", "0.942"], ["26434.00", "0.172"], ["26433.90", "0.004"], ["26433.80", "5.091"]], "a": [["26434.30", "3.361"], ["26434.40", "0.039"], ["26434.50", "0.374"], ["26434.60", "0.006"], ["26434.70", "0.006"]]}
{"e": "depthUpdate", "E": 1685100886755, "T": 1685100886736, "s": "BTCUSDT", "U": 2882403642066, "u": 2882403652927, "pu": 2882403641540, "b": [["26434.20", "16.961"], ["26434.10", "0.942"], ["26434.00", "0.172"], ["26433.90", "0.014"], ["26433.80", "5.101"]], "a": [["26434.30", "3.378"], ["26434.40", "0.039"], ["26434.50", "0.374"], ["26434.60", "0.006"], ["26434.70", "0.006"]]}
{"e": "depthUpdate", "E": 1685100887264, "T": 1685100887245, "s": "BTCUSDT", "U": 2882403653442, "u": 2882403666237, "pu": 2882403652927, "b": [["26434.20", "15.951"], ["26434.10", "0.942"], ["26434.00", "0.486"], ["26433.90", "0.004"], ["26433.80", "5.091"]], "a": [["26434.30", "3.427"], ["26434.40", "0.416"], ["26434.50", "0.008"], ["26434.60", "0.006"], ["26434.70", "0.006"]]}
{"e": "depthUpdate", "E": 1685100887767, "T": 1685100887749, "s": "BTCUSDT", "U": 2882403666589, "u": 2882403678979, "pu": 2882403666237, "b": [["26434.20", "16.275"], ["26434.10", "0.942"], ["26434.00", "0.182"], ["26433.90", "0.014"], ["26433.80", "5.101"]], "a": [["26434.30", "3.400"], ["26434.40", "0.417"], ["26434.50", "0.009"], ["26434.60", "0.006"], ["26434.70", "0.006"]]}
{"e": "depthUpdate", "E": 1685100888273, "T": 1685100888256, "s": "BTCUSDT", "U": 2882403679408, "u": 2882403689101, "pu": 2882403678979, "b": [["26434.20", "16.274"], ["26434.10", "0.942"], ["26434.00", "0.172"], ["26433.90", "0.004"], ["26433.80", "5.091"]], "a": [["26434.30", "3.440"], ["26434.40", "0.417"], ["26434.50", "0.009"], ["26434.60", "0.006"], ["26434.70", "0.006"]]}
{"e": "depthUpdate", "E": 1685100888781, "T": 1685100888774, "s": "BTCUSDT", "U": 2882403690032, "u": 2882403702708, "pu": 2882403689101, "b": [["26434.20", "18.090"], ["26434.10", "0.942"], ["26434.00", "0.182"], ["26433.90", "0.014"], ["26433.80", "5.101"]], "a": [["26434.30", "2.924"], ["26434.40", "0.039"], ["26434.50", "0.009"], ["26434.60", "0.006"], ["26434.70", "0.421"]]}
{"e": "depthUpdate", "E": 1685100889287, "T": 1685100889278, "s": "BTCUSDT", "U": 2882403702946, "u": 2882403713876, "pu": 2882403702708, "b": [["26434.20", "17.690"], ["26434.10", "0.942"], ["26434.00", "0.182"], ["26433.90", "0.014"], ["26433.80", "4.723"]], "a": [["26434.30", "2.531"], ["26434.40", "0.418"], ["26434.50", "0.009"], ["26434.60", "0.006"], ["26434.70", "0.006"]]}
{"e": "depthUpdate", "E": 1685100889794, "T": 1685100889775, "s": "BTCUSDT", "U": 2882403714154, "u": 2882403726192, "pu": 2882403713876, "b": [["26434.20", "30.338"], ["26434.10", "0.942"], ["26434.00", "0.182"], ["26433.90", "0.014"], ["26433.80", "4.723"]], "a": [["26434.30", "2.530"], ["26434.40", "0.040"], ["26434.50", "0.009"], ["26434.60", "0.006"], ["26434.70", "0.006"]]}
{"e": "depthUpdate", "E": 1685100890295, "T": 1685100890277, "s": "BTCUSDT", "U": 2882403726553, "u": 2882403739143, "pu": 2882403726192, "b": [["26434.20", "31.032"], ["26434.10", "1.320"], ["26434.00", "0.182"], ["26433.90", "0.014"], ["26433.80", "4.723"]], "a": [["26434.30", "1.636"], ["26434.40", "0.040"], ["26434.50", "0.009"], ["26434.60", "0.006"], ["26434.70", "0.006"]]}
{"e": "depthUpdate", "E": 1685100890806, "T": 1685100890787, "s": "BTCUSDT", "U": 2882403739806, "u": 2882403750609, "pu": 2882403739143, "b": [["26434.20", "31.043"], ["26434.10", "1.320"], ["26434.00", "0.182"], ["26433.90", "0.014"], ["26433.80", "4.723"]], "a": [["26434.30", "1.779"], ["26434.40", "0.040"], ["26434.50", "0.010"], ["26434.60", "0.006"], ["26434.70", "0.006"]]}
{"e": "depthUpdate", "E": 1685100891317, "T": 1685100891279, "s": "BTCUSDT", "U": 2882403751082, "u": 2882403762140, "pu": 2882403750609, "b": [["26434.20", "30.992"], ["26434.10", "1.339"], ["26434.00", "0.163"], ["26433.90", "0.014"], ["26433.80", "4.723"]], "a": [["26434.30", "1.784"], ["26434.40", "0.040"], ["26434.50", "0.010"], ["26434.60", "0.006"], ["26434.70", "0.006"]]}
{"e": "depthUpdate", "E": 1685100891818, "T": 1685100891803, "s": "BTCUSDT", "U": 2882403763129, "u": 2882403774809, "pu": 2882403762140, "b": [["26434.20", "30.693"], ["26434.10", "1.349"], ["26434.00", "0.163"], ["26433.90", "0.014"], ["26433.80", "4.723"]], "a": [["26434.30", "1.744"], ["26434.40", "0.040"], ["26434.50", "0.010"], ["26434.60", "0.006"], ["26434.70", "0.006"]]}
{"e": "depthUpdate", "E": 1685100892339, "T": 1685100892334, "s": "BTCUSDT", "U": 2882403775623, "u": 2882403787018, "pu": 2882403774809, "b": [["26434.20", "30.676"], ["26434.10", "1.339"], ["26434.00", "0.163"], ["26433.90", "0.014"], ["26433.80", "4.723"]], "a": [["26434.30", "1.730"], ["26434.40", "0.040"], ["26434.50", "0.010"], ["26434.60", "0.006"], ["26434.70", "0.922"]]}
{"e": "depthUpdate", "E": 1685100892847, "T": 1685100892839, "s": "BTCUSDT", "U": 2882403787250, "u": 2882403798466, "pu": 2882403787018, "b": [["26434.20", "29.794"], ["26434.10", "1.339"], ["26434.00", "0.163"], ["26433.90", "0.014"], ["26433.80", "4.723"]], "a": [["26434.30", "2.237"], ["26434.40", "0.040"], ["26434.50", "0.010"], ["26434.60", "0.384"], ["26434.70", "0.384"]]}
{"e": "depthUpdate", "E": 1685100893353, "T": 1685100893342, "s": "BTCUSDT", "U": 2882403798563, "u": 2882403809156, "pu": 2882403798466, "b": [["26434.20", "30.235"], ["26434.10", "1.339"], ["26434.00", "0.153"], ["26433.90", "0.004"], ["26433.80", "4.713"]], "a": [["26434.30", "2.250"], ["26434.40", "0.043"], ["26434.50", "0.010"], ["26434.60", "0.384"], ["26434.70", "0.384"]]}
{"e": "depthUpdate", "E": 1685100893871, "T": 1685100893863, "s": "BTCUSDT", "U": 2882403809705, "u": 2882403820510, "pu": 2882403809156, "b": [["26434.20", "30.253"], ["26434.10", "1.339"], ["26434.00", "0.163"], ["26433.90", "0.014"], ["26433.80", "4.723"]], "a": [["26434.30", "2.409"], ["26434.40", "0.043"], ["26434.50", "0.010"], ["26434.60", "0.384"], ["26434.70", "0.384"]]}
{"e": "depthUpdate", "E": 1685100894375, "T": 1685100894367, "s": "BTCUSDT", "U": 2882403820650, "u": 2882403833403, "pu": 2882403820510, "b": [["26434.20", "30.509"], ["26434.10", "1.339"], ["26434.00", "0.163"], ["26433.90", "0.014"], ["26433.80", "4.723"]], "a": [["26434.30", "2.416"], ["26434.40", "0.043"], ["26434.50", "0.010"], ["26434.60", "0.384"], ["26434.70", "0.384"]]}
{"e": "depthUpdate", "E": 1685100894875, "T": 1685100894855, "s": "BTCUSDT", "U": 2882403833612, "u": 2882403845201, "pu": 2882403833403, "b": [["26434.20", "30.477"], ["26434.10", "1.349"], ["26434.00", "0.163"], ["26433.90", "0.014"], ["26433.80", "4.723"]], "a": [["26434.30", "1.964"], ["26434.40", "0.044"], ["26434.50", "0.010"], ["26434.60", "0.384"], ["26434.70", "0.384"]]}
{"e": "depthUpdate", "E": 1685100895390, "T": 1685100895378, "s": "BTCUSDT", "U": 2882403845832, "u": 2882403857829, "pu": 2882403845201, "b": [["26434.20", "30.280"], ["26434.10", "1.339"], ["26434.00", "0.153"], ["26433.90", "0.014"], ["26433.80", "4.723"]], "a": [["26434.30", "1.978"], ["26434.40", "0.044"], ["26434.50", "0.010"], ["26434.60", "0.384"], ["26434.70", "0.384"]]}
{"e": "depthUpdate", "E": 1685100895896, "T": 1685100895888, "s": "BTCUSDT", "U": 2882403858123, "u": 2882403872501, "pu": 2882403857829, "b": [["26434.20", "29.341"], ["26434.10", "1.349"], ["26434.00", "0.163"], ["26433.90", "0.014"], ["26433.80", "4.723"]], "a": [["26434.30", "2.189"], ["26434.40", "0.044"], ["26434.50", "0.010"], ["26434.60", "0.384"], ["26434.70", "0.384"]]}
{"e": "depthUpdate", "E": 1685100896403, "T": 1685100896388, "s": "BTCUSDT", "U": 2882403872767, "u": 2882403883672, "pu": 2882403872501, "b": [["26434.20", "29.807"], ["26434.10", "0.961"], ["26434.00", "0.153"], ["26433.90", "0.014"], ["26433.80", "4.723"]], "a": [["26434.30", "2.112"], ["26434.40", "0.044"], ["26434.50", "0.010"], ["26434.60", "0.384"], ["26434.70", "0.384"]]}
{"e": "depthUpdate", "E": 1685100896911, "T": 1685100896892, "s": "BTCUSDT", "U": 2882403883983, "u": 2882403895079, "pu": 2882403883672, "b": [["26434.20", "29.887"], ["26434.10", "0.961"], ["26434.00", "0.153"], ["26433.90", "0.014"], ["26433.80", "4.723"]], "a": [["26434.30", "2.112"], ["26434.40", "0.044"], ["26434.50", "0.010"], ["26434.60", "0.384"], ["26434.70", "0.384"]]}
{"e": "depthUpdate", "E": 1685100897418, "T": 1685100897401, "s": "BTCUSDT", "U": 2882403895353, "u": 2882403908197, "pu": 2882403895079, "b": [["26434.20", "29.887"], ["26434.10", "0.961"], ["26434.00", "0.153"], ["26433.90", "0.014"], ["26433.80", "4.723"]], "a": [["26434.30", "1.981"], ["26434.40", "0.044"], ["26434.50", "0.010"], ["26434.60", "0.384"], ["26434.70", "0.384"]]}
{"e": "depthUpdate", "E": 1685100897926, "T": 1685100897921, "s": "BTCUSDT", "U": 2882403908655, "u": 2882403920532, "pu": 2882403908197, "b": [["26434.20", "29.452"], ["26434.10", "0.971"], ["26434.00", "0.163"], ["26433.90", "0.014"], ["26433.80", "4.723"]], "a": [["26434.30", "1.975"], ["26434.40", "0.044"], ["26434.50", "0.010"], ["26434.60", "0.384"], ["26434.70", "0.384"]]}
{"e": "depthUpdate", "E": 1685100898435, "T": 1685100898428, "s": "BTCUSDT", "U": 2882403920700, "u": 2882403935298, "pu": 2882403920532, "b": [["26434.20", "28.866"], ["26434.10", "0.961"], ["26434.00", "0.163"], ["26433.90", "0.014"], ["26433.80", "4.723"]], "a": [["26434.30", "2.058"], ["26434.40", "0.044"], ["26434.50", "0.008"], ["26434.60", "0.384"], ["26434.70", "0.384"]]}
{"e": "depthUpdate", "E": 1685100898960, "T": 1685100898926, "s": "BTCUSDT", "U": 2882403935914, "u": 2882403946672, "pu": 2882403935298, "b": [["26434.20", "28.878"], ["26434.10", "0.961"], ["26434.00", "0.153"], ["26433.90", "0.004"], ["26433.80", "4.723"]], "a": [["26434.30", "2.100"], ["26434.40", "0.044"], ["26434.50", "0.006"], ["26434.60", "0.384"], ["26434.70", "0.383"]]}
{"e": "depthUpdate", "E": 1685100899465, "T": 1685100899440, "s": "BTCUSDT", "U": 2882403947384, "u": 2882403958504, "pu": 2882403946672, "b": [["26434.20", "29.079"], ["26434.10", "0.961"], ["26434.00", "0.163"], ["26433.90", "0.014"], ["26433.80", "4.723"]], "a": [["26434.30", "2.070"], ["26434.40", "0.044"], ["26434.50", "0.006"], ["26434.60", "0.384"], ["26434.70", "0.383"]]}
{"e": "depthUpdate", "E": 1685100899973, "T": 1685100899966, "s": "BTCUSDT", "U": 2882403959007, "u": 2882403970835, "pu": 2882403958504, "b": [["26434.20", "28.682"], ["26434.10", "0.961"], ["26434.00", "0.153"], ["26433.90", "0.001"], ["26433.80", "4.723"]], "a": [["26434.30", "2.063"], ["26434.40", "0.044"], ["26434.50", "0.006"], ["26434.60", "0.384"], ["26434.70", "0.383"]]}
{"e": "depthUpdate", "E": 1685100900476, "T": 1685100900470, "s": "BTCUSDT", "U": 2882403971030, "u": 2882403988680, "pu": 2882403970835, "b": [["26434.20", "28.400"], ["26434.10", "0.961"], ["26434.00", "0.153"], ["26433.90", "0.001"], ["26433.80", "4.723"]], "a": [["26434.30", "3.980"], ["26434.40", "0.044"], ["26434.50", "0.006"], ["26434.60", "0.006"], ["26434.70", "0.383"]]}
{"e": "depthUpdate", "E": 1685100900987, "T": 1685100900949, "s": "BTCUSDT", "U": 2882403989084, "u": 2882404003417, "pu": 2882403988680, "b": [["26434.20", "28.111"], ["26434.10", "0.942"], ["26434.00", "0.531"], ["26433.90", "0.001"], ["26433.80", "4.723"]], "a": [["26434.30", "3.968"], ["26434.40", "0.044"], ["26434.50", "0.006"], ["26434.60", "0.392"], ["26434.70", "0.383"]]}
{"e": "depthUpdate", "E": 1685100901492, "T": 1685100901478, "s": "BTCUSDT", "U": 2882404004267, "u": 2882404019424, "pu": 2882404003417, "b": [["26434.20", "19.797"], ["26434.10", "0.942"], ["26434.00", "0.531"], ["26433.90", "0.001"], ["26433.80", "4.713"]], "a": [["26434.30", "5.398"], ["26434.40", "0.044"], ["26434.50", "0.006"], ["26434.60", "0.392"], ["26434.70", "0.383"]]}
{"e": "depthUpdate", "E": 1685100901993, "T": 1685100901959, "s": "BTCUSDT", "U": 2882404019630, "u": 2882404033426, "pu": 2882404019424, "b": [["26434.20", "19.930"], ["26434.10", "0.942"], ["26434.00", "0.153"], ["26433.90", "0.001"], ["26433.80", "4.713"]], "a": [["26434.30", "7.830"], ["26434.40", "0.044"], ["26434.50", "0.006"], ["26434.60", "0.036"], ["26434.70", "0.005"]]}
{"e": "depthUpdate", "E": 1685100902506, "T": 1685100902490, "s": "BTCUSDT", "U": 2882404034476, "u": 2882404054696, "pu": 2882404033426, "b": [["26434.20", "19.729"], ["26434.10", "0.942"], ["26434.00", "0.153"], ["26433.90", "0.001"], ["26433.80", "4.723"]], "a": [["26434.30", "8.715"], ["26434.40", "0.044"], ["26434.50", "0.006"], ["26434.60", "0.036"], ["26434.70", "0.005"]]}
{"e": "depthUpdate", "E": 1685100903022, "T": 1685100902995, "s": "BTCUSDT", "U": 2882404055394, "u": 2882404067772, "pu": 2882404054696, "b": [["26434.20", "19.645"], ["26434.10", "0.942"], ["26434.00", "0.153"], ["26433.90", "0.001"], ["26433.80", "4.723"]], "a": [["26434.30", "7.299"], ["26434.40", "0.044"], ["26434.50", "0.006"], ["26434.60", "0.036"], ["26434.70", "0.005"]]}
{"e": "depthUpdate", "E": 1685100903542, "T": 1685100903536, "s": "BTCUSDT", "U": 2882404068800, "u": 2882404084516, "pu": 2882404067772, "b": [["26434.20", "19.547"], ["26434.10", "0.942"], ["26434.00", "0.153"], ["26433.90", "0.001"], ["26433.80", "4.713"]], "a": [["26434.30", "7.272"], ["26434.40", "0.044"], ["26434.50", "0.006"], ["26434.60", "0.036"], ["26434.70", "0.005"]]}
{"e": "depthUpdate", "E": 1685100904048, "T": 1685100904028, "s": "BTCUSDT", "U": 2882404084686, "u": 2882404096248, "pu": 2882404084516, "b": [["26434.20", "20.444"], ["26434.10", "1.510"], ["26434.00", "0.153"], ["26433.90", "0.001"], ["26433.80", "4.713"]], "a": [["26434.30", "5.002"], ["26434.40", "0.044"], ["26434.50", "0.006"], ["26434.60", "0.036"], ["26434.70", "0.005"]]}
{"e": "depthUpdate", "E": 1685100904555, "T": 1685100904549, "s": "BTCUSDT", "U": 2882404096784, "u": 2882404111242, "pu": 2882404096248, "b": [["26434.20", "20.477"], ["26434.10", "0.942"], ["26434.00", "0.153"], ["26433.90", "0.001"], ["26433.80", "5.091"]], "a": [["26434.30", "5.100"], ["26434.40", "0.044"], ["26434.50", "0.006"], ["26434.60", "0.036"], ["26434.70", "0.005"]]}
{"e": "depthUpdate", "E": 1685100905065, "T": 1685100905020, "s": "BTCUSDT", "U": 2882404111421, "u": 2882404123899, "pu": 2882404111242, "b": [["26434.20", "19.298"], ["26434.10", "0.942"], ["26434.00", "0.153"], ["26433.90", "0.001"], ["26433.80", "4.713"]], "a": [["26434.30", "5.096"], ["26434.40", "0.054"], ["26434.50", "0.394"], ["26434.60", "0.046"], ["26434.70", "0.015"]]}
{"e": "depthUpdate", "E": 1685100905568, "T": 1685100905528, "s": "BTCUSDT", "U": 2882404125076, "u": 2882404138112, "pu": 2882404123899, "b": [["26434.20", "19.307"], ["26434.10", "0.942"], ["26434.00", "0.153"], ["26433.90", "0.001"], ["26433.80", "4.723"]], "a": [["26434.30", "5.113"], ["26434.40", "0.044"], ["26434.50", "0.384"], ["26434.60", "0.036"], ["26434.70", "0.005"]]}
{"e": "depthUpdate", "E": 1685100906074, "T": 1685100906068, "s": "BTCUSDT", "U": 2882404139040, "u": 2882404150290, "pu": 2882404138112, "b": [["26434.20", "19.302"], ["26434.10", "0.942"], ["26434.00", "0.153"], ["26433.90", "0.001"], ["26433.80", "4.713"]], "a": [["26434.30", "5.113"], ["26434.40", "0.044"], ["26434.50", "0.384"], ["26434.60", "0.036"], ["26434.70", "0.005"]]}
{"e": "depthUpdate", "E": 1685100906606, "T": 1685100906600, "s": "BTCUSDT", "U": 2882404150910, "u": 2882404161955, "pu": 2882404150290, "b": [["26434.20", "19.308"], ["26434.10", "0.942"], ["26434.00", "0.153"], ["26433.90", "0.001"], ["26433.80", "4.713"]], "a": [["26434.30", "6.331"], ["26434.40", "0.044"], ["26434.50", "0.384"], ["26434.60", "0.036"], ["26434.70", "0.005"]]}
{"e": "depthUpdate", "E": 1685100907116, "T": 1685100907084, "s": "BTCUSDT", "U": 2882404162236, "u": 2882404173556, "pu": 2882404161955, "b": [["26434.20", "19.173"], ["26434.10", "0.192"], ["26434.00", "0.153"], ["26433.90", "0.001"], ["26433.80", "3.767"]], "a": [["26434.30", "7.689"], ["26434.40", "0.044"], ["26434.50", "0.384"], ["26434.60", "0.036"], ["26434.70", "0.005"]]}
{"e": "depthUpdate", "E": 1685100907619, "T": 1685100907578, "s": "BTCUSDT", "U": 2882404174297, "u": 2882404185407, "pu": 2882404173556, "b": [["26434.20", "19.189"], ["26434.10", "0.192"], ["26434.00", "0.153"], ["26433.90", "0.001"], ["26433.80", "3.767"]], "a": [["26434.30", "7.692"], ["26434.40", "0.042"], ["26434.50", "0.384"], ["26434.60", "0.036"], ["26434.70", "0.014"]]}
{"e": "depthUpdate", "E": 1685100908125, "T": 1685100908106, "s": "BTCUSDT", "U": 2882404186316, "u": 2882404196065, "pu": 2882404185407, "b": [["26434.20", "19.928"], ["26434.10", "0.192"], ["26434.00", "0.153"], ["26433.90", "0.001"], ["26433.80", "2.913"]], "a": [["26434.30", "6.578"], ["26434.40", "0.042"], ["26434.50", "0.384"], ["26434.60", "0.036"], ["26434.70", "0.014"]]}
{"e": "depthUpdate", "E": 1685100908631, "T": 1685100908612, "s": "BTCUSDT", "U": 2882404196494, "u": 2882404211570, "pu": 2882404196065, "b": [["26434.20", "19.902"], ["26434.10", "0.202"], ["26434.00", "0.163"], ["26433.90", "0.011"], ["26433.80", "2.923"]], "a": [["26434.30", "3.750"], ["26434.40", "0.042"], ["26434.50", "0.384"], ["26434.60", "0.036"], ["26434.70", "0.004"]]}
{"e": "depthUpdate", "E": 1685100909158, "T": 1685100909141, "s": "BTCUSDT", "U": 2882404212577, "u": 2882404225993, "pu": 2882404211570, "b": [["26434.20", "19.817"], ["26434.10", "0.192"], ["26434.00", "0.153"], ["26433.90", "0.001"], ["26433.80", "2.913"]], "a": [["26434.30", "3.974"], ["26434.40", "0.042"], ["26434.50", "0.384"], ["26434.60", "0.036"], ["26434.70", "0.004"]]}
{"e": "depthUpdate", "E": 1685100909665, "T": 1685100909641, "s": "BTCUSDT", "U": 2882404226427, "u": 2882404237983, "pu": 2882404225993, "b": [["26434.20", "19.847"], ["26434.10", "0.192"], ["26434.00", "0.153"], ["26433.90", "0.001"], ["26433.80", "2.913"]], "a": [["26434.30", "4.057"], ["26434.40", "0.042"], ["26434.50", "0.384"], ["26434.60", "0.036"], ["26434.70", "0.004"]]}
{"e": "depthUpdate", "E": 1685100910173, "T": 1685100910156, "s": "BTCUSDT", "U": 2882404238592, "u": 2882404250451, "pu": 2882404237983, "b": [["26434.20", "20.127"], ["26434.10", "0.192"], ["26434.00", "0.153"], ["26433.90", "0.011"], ["26433.80", "2.923"]], "a": [["26434.30", "3.525"], ["26434.40", "0.042"], ["26434.50", "0.384"], ["26434.60", "0.036"], ["26434.70", "0.004"]]}
{"e": "depthUpdate", "E": 1685100910678, "T": 1685100910639, "s": "BTCUSDT", "U": 2882404251023, "u": 2882404264943, "pu": 2882404250451, "b": [["26434.20", "20.130"], ["26434.10", "0.192"], ["26434.00", "0.155"], ["26433.90", "0.011"], ["26433.80", "2.923"]], "a": [["26434.30", "3.525"], ["26434.40", "0.042"], ["26434.50", "0.384"], ["26434.60", "0.036"], ["26434.70", "0.004"]]}
{"e": "depthUpdate", "E": 1685100911186, "T": 1685100911169, "s": "BTCUSDT", "U": 2882404265953, "u": 2882404279625, "pu": 2882404264943, "b": [["26434.20", "20.120"], ["26434.10", "0.192"], ["26434.00", "0.155"], ["26433.90", "0.001"], ["26433.80", "2.913"]], "a": [["26434.30", "3.519"], ["26434.40", "0.042"], ["26434.50", "0.384"], ["26434.60", "0.036"], ["26434.70", "0.004"]]}
{"e": "depthUpdate", "E": 1685100911692, "T": 1685100911652, "s": "BTCUSDT", "U": 2882404280093, "u": 2882404293117, "pu": 2882404279625, "b": [["26434.20", "19.823"], ["26434.10", "0.192"], ["26434.00", "0.155"], ["26433.90", "0.001"], ["26433.80", "2.913"]], "a": [["26434.30", "3.524"], ["26434.40", "0.042"], ["26434.50", "0.384"], ["26434.60", "0.036"], ["26434.70", "0.004"]]}
